2742 3718
377 153 576 274 100s
767 203 824 269 G
964 199 1031 266 E
1158 166 1991 267 NESIS.

339 388 344 391 Α
374 348 559 403 propter
577 335 718 383 vitam
737 355 750 389 3
787 333 1011 381 Processus
1034 332 1212 379 illarum
1232 348 1396 390 rerum,
1431 349 1538 398 quae
1575 332 1632 379 de
1666 332 1964 392 ordinatione,
2001 334 2250 383 initiatione
2284 338 2333 384 δε
2394 366 2398 370 -

375 404 660 451 submiffione
683 401 773 448 veri
792 416 943 446 coram
966 400 1104 454 bono,
1128 398 1173 445 in
1198 399 1320 447 sensu
1343 401 1520 446 interno
1544 398 1615 445 hic
1638 398 1943 456 continentur,
1971 415 2121 447 coram
2143 403 2337 464 Angelis

384 471 430 516 in
455 471 568 514 clara
616 468 712 512 luce
751 477 955 528 apparet,
1011 479 1115 512 narn
1149 466 1251 513 talia
1297 466 1400 513 sunt
1446 463 1674 528 sapientiae
1711 463 1943 527 angelicae,
1993 466 2164 514 tametfi
2203 468 2346 516 homo

374 533 487 582 nihil
510 533 682 580 illarum
701 546 848 576 rerum
867 530 993 578 videt
1012 551 1026 584 3
1062 544 1106 577 at
1121 531 1259 594 usque
1281 533 1363 595 qui
1388 533 1431 579 in
1448 532 1639 595 simplici
1666 531 1786 576 bono
1812 529 1909 577 sunt
1932 546 1989 576 ex
2012 531 2202 594 fimplici
2227 534 2336 590 fide,-

377 601 441 646 illi
467 599 511 645 in
529 597 732 643 facultate
756 595 857 642 sunt
873 595 1034 643 sciendi
1052 596 1140 653 illa,
1177 598 1210 644 fi
1234 612 1324 642 non
1347 597 1530 659 capiunt
1554 596 1623 642 illa
1661 596 1705 641 in
1741 595 1838 644 vita
1866 596 2082 658 corporis,
2117 597 2178 643 ob
2213 613 2339 646 curas

381 665 644 718 mundanaS,
679 663 730 709 &
747 662 898 708 craffas
921 662 1026 707 inde
1048 662 1178 718 ideaS‚
1200 663 1339 725 usque
1363 662 1409 708 in
1428 662 1563 709 altera
1580 663 1691 718 vita,
1710 661 1788 707 ubi
1803 662 2036 709 mundana
2051 664 2101 709 &
2123 676 2338 726 corporea

379 741 557 777 remota
580 727 698 783 sunt,
735 743 841 774 nam
866 740 970 774 tunc
997 727 1283 785 illustrantur,
1319 743 1368 774 ac
1391 728 1436 774 in
1453 727 1812 788 intelligentiam
1835 727 2183 791 &sapientiam
2207 744 2343 791 ange-

377 795 572 857 gelicam
592 795 798 841 veniunt.
889 808 893 811 ’
1033 831 1038 837 .
1466 819 1468 821 »
1497 824 1500 828 ,
1813 824 1815 826 -
1959 821 1962 825 Δ
2012 813 2014 817 ·
2133 814 2159 820 -Ᾰ

446 874 593 924 4270.
631 859 696 906 Et
716 858 902 906 surrexit
923 860 969 906 in
994 859 1125 906 noste
1150 859 1243 916 illa,
1279 861 1330 908 δε
1352 858 1524 922 accepit
1547 857 1672 906 binas
1688 857 1890 907 faeminas
1908 858 2032 914 suas·,
2056 860 2106 907 δε
2129 859 2253 907 binas
2270 875 2346 907 an-

375 926 505 973 cillas
523 924 635 980 suas,
670 926 719 972 δε
738 924 948 972 undecim
968 939 1091 972 natos
1108 925 1223 982 suos,
1258 927 1307 972 δε
1331 926 1532 973 transivit
1554 925 1785 972 transitum
1801 925 2030 988 Jabbock,
2057 925 2182 988 quod
2206 926 2346 989 figni-

377 994 490 1039 -ficet
512 990 867 1038 insinuationem
883 991 1077 1054 primam
1099 990 1393 1039 affeetionum
1417 991 1512 1038 veri
1535 1006 1641 1037 cum
1664 990 1782 1038 veris
1812 991 2053 1054 acquifitiS‚
2088 991 2262 1039 constat
2284 1008 2342 1038 ex

382 1056 708 1119 fignificatione
729 1055 937 1104 binarum
958 1056 1263 1114 faeminarum,
1277 1070 1283 1089 ²
1296 1058 1370 1104 hic
1387 1055 1594 1104 Rachelis
1616 1058 1666 1104 ὅτ
1684 1056 1814 1114 Leae,
1834 1056 1960 1120 quod
1977 1057 2065 1110 fiat
2085 1056 2344 1104 affeetiones

386 1125 503 1178 veri,
537 1123 596 1168 de
616 1137 708 1184 qua
732 1138 783 1168 n:
810 1127 956 1184 3758.
984 1126 1125 1185 3782.
1153 1138 1295 1187 3793.
1325 1127 1483 1186 3819;
1518 1138 1544 1169 a
1578 1122 1904 1185 fignificatione
1927 1121 2345 1170 binarum‘ancilla-

379 1204 505 1244 rum,
541 1187 614 1235 hic
637 1187 777 1235 Bilhae
793 1189 844 1250 ὃς
867 1187 1020 1251 8ι1ρεε,
1055 1190 1180 1253 quod
1203 1186 1684 1237 fint'affeetionesveri
1701 1190 1942 1236 exteriores
1959 1187 2245 1236 inservientes
2262 1203 2347 1252 pro

386 1254 563 1310 mediis,
597 1254 653 1301 de
665 1269 753 1317 qua
772 1269 827 1300 n:
854 1257 997 1315 3849.
1019 1270 1077 1317 39
1085 1272 1139 1317 31
1167 1275 1182 1309 ς
1217 1271 1273 1302 ex
1295 1253 1618 1316 significatione
1641 1266 1853 1302 natorum
1869 1253 1941 1302 seu
1959 1253 2176 1309 filiorum,
2211 1254 2340 1316 quod

381 1321 476 1369 sint
490 1335 610 1375 vera,
643 1319 702 1366 de
720 1335 812 1382 qua
834 1335 891 1366 n:
910 1322 1023 1382 489.
1043 1336 1156 1383 491.
1177 1337 1289 1383 533.
1319 1339 1336 1368 1
1354 1334 1458 1382 147.
1482 1320 1635 1381 2623.-
1655 1334 1778 1382 3373
1804 1341 1818 1374 3
1851 1321 1901 1367 δε
1923 1335 1979 1366 ex
2017 1319 2343 1381 significatione

391 1385 593 1432 transitus
611 1384 839 1447 Jabbock,
874 1385 1001 1448 quod
1024 1385 1077 1432 fit
1100 1385 1541 1449 insinuatio-primas
1591 1385 1735 1450 Qod
1767 1383 1982 1448 Jabbock
2026 1385 2079 1431 fit
2116 1384 2349 1433 insinuatio

381 1452 556 1515 -prima,
590 1450 773 1512 estquia
795 1450 1011 1498 terminus
1033 1462 1125 1497 erat
1143 1463 1272 1499 terrae
1298 1452 1512 1498 Canaanis
1533 1471 1547 1505 3
1580 1450 1707 1513 quod
1737 1455 1894 1498 6mnes
1916 1452 2095 1498 termini
2119 1450 2237 1497 illius
2259 1463 2347 1497 ter-

391 1533 457 1563 rae
480 1515 762 1576 significativi
777 1514 943 1563 fuerint
958 1515 1212 1563 coelestium
1235 1516 1598 1581 &spiritualium
1618 1517 1769 1580 Regni
1790 1516 1985 1564 Domini
2016 1515 2259 1564 secundum
2281 1516 2350 1562 di-

382 1582 594 1629 stantiam
617 1582 667 1627 &
688 1581 841 1636 situm,
876 1581 1079 1628 videatur
1097 1597 1150 1628 n:
1182 1585 1322 1642 1585.
1354 1582 1492 1631 1866.
1521 1598 1580 1642 41
1596 1583 1671 1629 16.
1696 1597 1843 1641 4240,
1879 1582 1938 1629 ita
1967 1596 2155 1644 quoque
2176 1582 2351 1629 vadum

393 1648 468 1694 seu
491 1646 693 1694 transitus
711 1645 938 1705 Jabbock,
972 1646 1099 1709 quod
1122 1659 1216 1693 erat
1236 1647 1481 1709 respective
1503 1647 1559 1692 ad
1578 1656 1738 1693 terram
1762 1647 2019 1692 Canaanem
2043 1658 2160 1692 trans
2187 1646 2218 1706 J
2221 1646 2352 1693 orda-

393 1728 520 1767 nem,
556 1713 604 1758 ὅτ
628 1711 715 1758 fuit
738 1710 953 1759 terminus
977 1708 1250 1759 haereditatis
1273 1712 1474 1759 filiorum
1494 1711 1698 1763 Rubenis
1721 1712 1771 1759 &
1787 1710 1946 1767 Gadis,
1967 1723 2032 1758 ·ut
2048 1710 2246 1758 constare
2263 1726 2350 1775 po·

395 1778 479 1825 test
502 1793 558 1823 ex
579 1778 739 1824 Num:
764 1771 979 1836 xx'1:24.
1020 1777 1271 1824 Deut2⁴112
1301 1779 1378 1840 36.
1399 1793 1479 1842 37.
1518 1777 1650 1839 Cap:
1678 1792 1780 1824 111:
1812 1778 1885 1824 16.
1918 1791 1991 1838 17.
2030 1777 2138 1838 Jos:
2163 1792 2238 1824 x11
2267 1795 2278 1823 ε
2305 1793 2350 1825 2.

397 1843 490 1903 Jud
512 1860 521 1888 ε
546 1858 595 1892 XJ
619 1859 629 1888 ε
666 1858 738 1903 13.
767 1858 824 1889 22
847 1863 860 1895 ·‚
895 1842 1020 1905 quod
1043 1841 1216 1888 cesserit
1251 1843 1336 1890 illis
1382 1843 1428 1889 in
1454 1843 1779 1896 haereditatem,
1813 1853 1922 1897 erat,
1967 1845 2073 1904 quia
2096 1857 2174 1904 per
2198 1841 2351 1889 Rube-

381 1924 506 1958 -nem
525 1907 834 1970 repraesentata
849 1906 937 1954 fuit
959 1906 1071 1954 fides
1094 1907 1327 1954 intellestu
1353 1908 1421 1955 seu
1441 1907 1663 1962 doflxina,
1698 1921 1804 1969 quae
1827 1908 2033 1969 primum
2065 1906 2135 1954 est
2172 1923 2355 1970 regene-

384 1973 597 2029 rationis,
631 1986 706 2020 aut
723 1974 767 2019 in
785 1973 1025 2035 complexu
1039 1988 1199 2020 verum
1216 1973 1438 2033 doetrinae
1455 1989 1534 2037 per
1555 1971 1679 2036 quod
1693 1972 1747 2018 ad
1764 1971 1935 2026 bonum
1954 1972 2064 2019 vitae
2082 1975 2362 2035 pervenitur,

382 2040 680 2087 ·videatur·n:
709 2040 850 2101 3861.
878 2038 1005 2101 3866
1017 2057 1035 2092 ⁴;
1070 2040 1119 2086 &
1151 2053 1232 2101 per
1265 2031 1447 2087 Gadem
1487 2038 1796 2102 repraesentata
1831 2037 1942 2085 ‘sunt
1978 2053 2114 2099 opera
2150 2038 2275 2095 fidei,
2300 2056 2354 2085 n:

402 2123 550 2168 3934,
587 2104 685 2150 haec
708 2119 871 2166 nempe
885 2120 987 2150 vera
1002 2103 1113 2151 ⁴fide-i
1138 2104 1212 2151 seu
1235 2104 1512 2161 doetrinalia,
1548 2104 1597 2150 ὅτ
1619 2106 1757 2167 ”opera
1785 2103 1893 2150 fidei
1915 2117 2023 2166 quae
2045 2102 2250 2166 primum
2278 2118 2359 2150 ex—

387 2183 648 2225 tercentum.v
662 2167 762 2215 sunt
777 2185 855 2232 per
871 2184 985 2232 quae·
1001 2169 1144 2216 homo
1163 2171 1246 2233 qui
1266 2169 1613 2232 regeneraturin
1639 2170 1813 2216 bonum
1836 2168 2112 2223 insinuatum
2147 2168 2251 2217 inde
2274 2169 2355 2225 est,

388 2235 528 2299 ,quod
551 2249 631 2297 per
654 2235 884 2282 tranfitum
905 2234 1113 2294 jabbock
1128 2234 1403 2297 significetur
1426 2234 1660 2282 infinuatio
1683 2234 1845 2298 prima.

465 2315 611 2361 4271.
648 2299 710 2346 Et
731 2299 903 2362 accepit
921 2299 1034 2356 illos,
1071 2300 1120 2347 ὅτ
1139 2299 1318 2348 tranfire
1340 2300 1446 2348 fecit
1470 2301 1567 2348 illos
1591 2300 1799 2356 fluvium,
1835 2301 1886 2347 ὅτ
1917 2299 2092 2347 tranfire
2114 2297 2218 2346 fecit
2250 2315 2358 2362 quae

391 2366 502 2421 fibi,
538 2365 663 2428 quod
681 2365 900 2427 fignificet
916 2366 1174 2413 ulteriorem
1194 2367 1552 2423 infinuationem,
1587 2365 1758 2413 constat
1783 2381 1842 2412 ex
1859 2365 1943 2411 illis
1960 2360 2069 2428 ῥοαὶ,
2089 2378 2203 2411 mox
2223 2363 2356 2427 supra

399 2431 522 2478 dieta
544 2431 661 2484 sunt,
696 2431 873 2478 tranfire
896 2431 1022 2478 enim
1045 2429 1254 2478 fecitnon
1266 2432 1410 2486 solum
1434 2431 1655 2487 faeminaS‚
1691 2431 1868 2478 ancillas
1891 2432 1941 2478 &
1956 2442 2096 2486 natos,
2129 2428 2203 2476 sed
2221 2430 2360 2477 etiam

390 2508 664 2545 armentum
688 2497 737 2542 ὅτ
761 2512 966 2559 gregem,
1002 2497 1063 2543 ita
1102 2499 1257 2544 omnia
1300 2513 1405 2561 quae
1439 2511 1564 2545 erant
1597 2496 1697 2552 fibi,
1733 2497 1778 2544 in
1813 2509 1975 2543 terram
2005 2496 2276 2552 Canaanem,
2312 2494 2361 2541 in

404 2579 496 2627 qua
519 2561 776 2609 occurrebat
813 2562 993 2618 Esavo·,
1028 2564 1078 2610 &
1101 2563 1206 2626 quia
1228 2563 1376 2625 agitur
1405 2563 1450 2610 in
1488 2563 1610 2611 sensu
1633 2559 1814 2610 interno
1832 2560 1890 2608 de
1922 2560 2240 2623 conjunffione
2267 2560 2366 2607 veri

388 2644 513 2674 -cum
538 2627 722 2674 bonorin
745 2627 972 2684 Naturali,
1007 2644 1088 2691 per
1109 2630 1285 2676 tranfire
1309 2629 1500 2676 fluvium
1522 2628 1650 2674 illum
1673 2644 1763 2676 non
1782 2627 1901 2674 aliud
1920 2628 2205 2688 significatur,
2223 2641 2361 2689 quam

390 2692 826 2755 ⁴infirmatio-prima,
862 2695 911 2740 ὅτ
935 2693 1007 2740 hic
1028 2695 1105 2740 ubi
1129 2695 1276 2741 adhuc
1292 2694 1451 2741 eadem
1474 2694 1706 2749 dicuntur,
1740 2695 1790 2740 ὅτ
1810 2707 2006 2757 quoque,
2016 2691 2206 2747 additur,
2240 2688 2366 2754 quod

413 2758 592 2807 tranfire
618 2757 768 2811 fecerit
783 2757 936 2807 omnia
959 2774 1063 2824 quae
1078 2759 1182 2817 fibi,
1211 2759 1481 2824 fignificatur
1504 2759 1742 2810 infinuatio
1760 2758 1965 2811 ulterior.
2160 2767 2165 2770 “
