2690 3692
413 217 498 265 12
765 191 1991 267 GENESJJS.

405 326 549 384 tandi,
602 342 692 374 non
726 328 853 375 aliter
896 325 1060 389 potest,
1111 342 1253 390 quam
1292 338 1347 375 ut
1383 327 1463 375 diu
1504 337 1706 375 teneatur
1743 325 1790 373 in
1823 326 1946 375 bono
1969 325 2175 392 quodam
2208 327 2381 386 medio,

404 409 573 454 nempe
597 393 640 440 in
665 393 787 439 bono
809 393 935 456 quod
970 404 1061 438 tam
1096 393 1333 456 participat
1367 393 1424 440 de
1455 392 1771 440 affectionibus
1795 392 1971 448 mundi,
2004 410 2144 457 quam
2166 393 2225 440 de
2246 393 2380 441 affec·

405 458 605 506 tionibus
638 458 759 513 coeli,
809 459 859 504 ὅτ
906 457 989 504 nisi
1031 458 1098 503 in·
1122 458 1199 505 illo
1242 458 1366 506 bono
1423 459 1577 506 medio
1621 470 1848 514 teneatur,
1903 457 2119 520 nusquam
2179 459 2382 508 admittit

404 525 522 571 bona
545 526 594 570 ὅτ
616 538 719 569 vera
753 521 985 577 coelestia;
1019 522 1132 570 illud
1168 525 1369 581 bonum,
1418 539 1586 588 nempe
1629 524 1827 571 bonum
1859 522 2109 579 medium,
2129 524 2214 572 est
2251 524 2379 588 quod

402 605 483 653 per
522 588 751 635 Labanem
798 588 847 635 &
891 602 1082 651 gregem
1128 586 1223 651 ejus
1266 589 1581 650 fignificatur;
1632 590 1707 636 sed
1749 589 1891 636 homo
1926 589 1973 635 in
2012 589 2135 636 bono
2167 588 2246 636 illo
2283 605 2379 637 me-

400 655 480 701 dio
525 669 614 699 non
651 653 823 702 diutius
858 666 1047 709 tenetur,
1088 670 1227 717 quam
1268 649 1409 718 usque
1443 655 1560 702 dum
1603 655 1650 701 id
1693 653 1972 701 inserviverit
2014 653 2114 700 usui
2155 653 2239 710 illi,
2270 669 2379 703 cum

401 731 553 767 autern
577 717 881 775 inserviverat,
917 731 1026 766 tunc
1049 720 1318 782 Separatur;
1353 720 1410 766 de
1433 718 1708 783 separatione
1733 720 1813 767 hac
1836 720 1882 765 in
1906 719 1992 765 hoc
2013 718 2174 781 Capite
2198 718 2376 780 agitur:

402 783 528 847 quod
554 784 728 832 bonum
764 787 972 832 medium
1001 785 1070 841 fit,
1106 786 1156 833 ὅτ
1179 785 1422 849 postquam
1447 785 1537 832 hoc
1568 784 1859 832 inserviverat
1897 783 2015 840 usui,
2049 785 2174 848 quod
2211 789 2383 848 separe·

399 861 492 906 tur,
534 849 734 896 illustrari
764 850 910 913 potest
952 867 977 897 a
1011 850 1141 898 status
1178 851 1522 907 mutationibus,
1577 866 1688 914 quas
1721 849 2029 914 unusquisque
2067 851 2212 897 homo
2260 850 2380 899 subit

396 917 457 963 ab
489 913 675 962 infantia
697 915 836 977 usque
858 916 914 962 ad
940 915 1213 964 senectutem
1236 937 1249 971 ;
1291 929 1455 963 notum
1478 916 1558 973 est,
1597 916 1723 980 quod
1746 916 1867 977 'alius
1886 914 2018 963 status
2037 914 2236 962 hominis
2258 916 2312 963 fit
2330 916 2378 963 in

395 978 582 1027 infantia
619 978 729 1043 ejuS,
765 982 874 1028 alius
916 981 960 1028 in
997 982 1204 1045 pueritia,
1241 982 1350 1029 alius
1375 982 1420 1028 in
1443 981 1699 1047 juventute,
1732 982 1845 1028 alius
1870 980 1916 1027 in
1957 980 2108 1029 adulta
2136 992 2286 1039 aetate,
2325 982 2376 1028 ὅτ

395 1046 509 1093 alius
540 1047 586 1092 in
610 1045 869 1101 senectute;
903 1048 1038 1094 etiam
1068 1060 1229 1094 notum
1265 1047 1344 1102 est,
1379 1048 1503 1111 quod
1529 1048 1674 1094 homo
1710 1046 1875 1093 statum
1900 1045 2104 1093 infantiae
2142 1061 2249 1094 cum
2284 1043 2379 1109 ejus

397 1110 570 1159 lusoriis
592 1125 730 1160 exuat
749 1127 854 1158 cum
880 1114 1030 1160 transit
1053 1112 1101 1159 in
1120 1112 1282 1160 statum
1309 1114 1532 1175 pueritiae,
1570 1114 1620 1160 ὅτ
1652 1113 1778 1176 quod
1815 1111 1979 1158 statum
2007 1111 2218 1174 pueritiae
2239 1124 2376 1160 exuat

395 1192 503 1224 cum
539 1177 688 1224 transit
720 1179 765 1224 in
788 1177 954 1224 statum
977 1178 1246 1241 juventutis,
1281 1179 1330 1226 &
1365 1178 1487 1225 hunc
1517 1180 1678 1225 iterum
1719 1193 1823 1225 cum
1859 1176 2011 1224 transit
2042 1177 2089 1223 in
2125 1176 2291 1225 statum
2330 1193 2377 1224 a-

400 1242 546 1290 dultae
579 1243 742 1300 aetatis,
777 1244 827 1289 ὅτ
852 1243 1041 1290 demum
1067 1245 1185 1291 hunc
1201 1260 1309 1291 cum
1334 1243 1489 1292 transit
1507 1245 1559 1291 ·in
1582 1243 1749 1291 statum
1773 1242 2042 1296 senectutis;
2077 1242 2127 1288 ὅτ
2149 1242 2182 1289 si
2205 1257 2375 1306 expen-

393 1307 483 1363 dit,
518 1308 655 1355 etiam
688 1310 727 1355 ei
765 1320 925 1356 notum
953 1310 1039 1355 effe
1072 1310 1234 1371 potest,
1270 1310 1397 1373 quod
1424 1311 1692 1373 unaquaevis
1724 1321 1832 1357 aetas
1850 1307 1925 1355 sua
1954 1306 2155 1369 jucunda
2195 1308 2371 1364 habeat,

394 1374 448 1420 ὅτ
481 1375 606 1437 quod
632 1390 713 1436 per
736 1373 808 1420 illa
833 1373 1064 1422 succeffive
1089 1375 1392 1423 introducatur
1431 1376 1475 1422 in
1510 1391 1560 1422 ea
1593 1375 1822 1438 quaesunt
1860 1373 2084 1437 sequentis
2124 1373 2286 1429 aetatis‚
2322 1375 2377 1423 ὅτ

394 1441 522 1502 quod
558 1439 630 1485 illa
646 1437 846 1501 jucunda
880 1439 1191 1488 inserviverint
1224 1442 1263 1487 ei
1289 1441 1342 1487 ad
1368 1440 1477 1488 illuc
1512 1440 1890 1504 perveniendum,
1925 1441 1975 1487 ὅτ
2005 1436 2189 1486 tandem
2226 1439 2280 1486 ad
2299 1437 2376 1502 ju-

393 1503 601 1550 cundum
626 1505 943 1566 intelligentiae
972 1507 1022 1553 ὅτ
1053 1505 1284 1568 sapientiae
1321 1507 1366 1552 in
1389 1503 1708 1560 aetate'senili3
1743 1506 1848 1552 inde
1883 1517 2028 1568 patet,
2066 1504 2193 1567 quod
2225 1506 2375 1567 priora

392 1568 568 1631 semper
591 1570 903 1633 relinquantur
923 1586 1032 1618 cum
1052 1587 1200 1618 novus
1225 1573 1336 1619 vitae
1358 1571 1494 1619 status
1519 1572 1723 1619 induitur
1741 1587 1752 1617 ε
1789 1569 1863 1617 sed
1887 1569 2164 1632 comparatio
2186 1569 2285 1616 haec
2307 1570 2376 1617 in·

391 1633 554 1682 servire
578 1633 726 1682 solum
747 1635 894 1697 potest
911 1635 968 1682 ad
992 1636 1246 1692 sciendum,
1281 1637 1408 1699 quod
1437 1636 1639 1699 jucunda
1674 1635 1826 1683 media
1860 1635 1961 1690 fin't,
1996 1636 2046 1683 &
2069 1634 2195 1696 quod
2237 1650 2290 1682 ea
2311 1648 2379 1682 re·

391 1699 652 1763 linquantur
675 1714 783 1748 cum
802 1701 945 1749 homo
970 1700 1105 1748 intrat
1122 1701 1284 1748 statum
1304 1701 1586 1764 sequentem,
1611 1716 1715 1747 cum
1733 1712 1888 1747 autem
1908 1699 2052 1746 homo
2075 1712 2376 1760 regeneratur,

393 1765 504 1812 tunc
526 1766 579 1812 fit
603 1764 736 1813 status
768 1763 862 1827 ejus
896 1767 1074 1828 prorsus
1097 1765 1207 1813 alius
1242 1766 1437 1828 aptiori,
1474 1768 1527 1812 ad
1562 1782 1702 1828 quem
1736 1781 1827 1812 non
1862 1765 2048 1811 naturali
2081 1764 2224 1810 modo
2246 1765 2375 1814 duci-

389 1841 469 1878 tur
492 1830 567 1877 sed
602 1830 921 1894 supernaturali
962 1846 986 1878 a
1009 1831 1253 1884 Domino·‚
1289 1847 1370 1877 nec
1402 1831 1458 1877 ad
1484 1831 1611 1878 illum
1648 1831 1812 1878 statum
1837 1829 1996 1892 aliquis
2028 1830 2253 1891 pervenit,
2289 1830 2373 1877 nisi

393 1910 476 1958 per
514 1895 869 1956 regenerationis
907 1896 1076 1953 media,
1112 1911 1220 1960 quae
1242 1912 1268 1942 a
1285 1895 1393 1942 Solo
1412 1895 1622 1943 Domino
1648 1894 1966 1958 providentur,
2003 1893 2065 1941 ita
2090 1909 2171 1956 per
2195 1895 2373 1943 bonum

395 1961 622 2023 medium,
654 1960 712 2007 de
741 1975 838 2024 quo
869 1975 1023 2008 actum
1063 1961 1161 2015 est·,
1196 1962 1246 2008 ὅτ
1268 1976 1376 2008 cum
1413 1961 1471 2008 ad
1500 1961 1627 2009 illum
1654 1960 1816 2007 statum
1848 1960 2088 2022 perductus
2120 1958 2200 2015 est,
2236 1961 2372 2024 usque

394 2040 445 2075 ut
483 2043 573 2074 non
607 2025 807 2090 amplius
844 2041 928 2089 pro
961 2027 1052 2073 fine
1093 2027 1254 2073 habeat
1287 2026 1534 2082 mundana,
1568 2025 1788 2074 terrestria
1828 2026 1877 2073 ὅτ
1911 2039 2149 2088 corporea,
2186 2024 2258 2072 sed
2295 2025 2370 2073 illa

392 2107 502 2155 quae
523 2092 631 2141 coeli
655 2091 769 2148 sunt,
804 2103 913 2140 tunc
931 2093 1108 2140 bonum
1130 2091 1247 2140 illud
1261 2093 1465 2139 medium
1486 2091 1745 2156 separatur;
1780 2106 1865 2155 pro
1901 2091 1991 2138 fine
2030 2090 2191 2138 habere
2227 2089 2291 2138 est
2324 2106 2372 2139 a·

393 2173 517 2206 mare
538 2172 685 2204 unum
710 2172 805 2220 prae
826 2158 983 2206 altero,
1530 2165 1533 2168 ’
1908 2179 1910 2183 >
2048 2167 2053 2170 ’

458 2223 605 2283 4064.
630 2221 798 2270 Sumfit
808 2222 951 2283 jacob
962 2225 1117 2271 omnia
1130 2239 1237 2288 quae
1254 2223 1366 2286 patri
1384 2223 1552 2280 nostro,
1568 2223 1689 2288 quod
1702 2223 1921 2286 significet
1935 2221 2062 2287 quod
2071 2220 2228 2269 omnia
2241 2220 2351 2269 boni

390 2303 474 2352 pei·
496 2289 725 2350 Jacobum
746 2287 961 2336 intellee‘ti
984 2289 1083 2338 data
1102 2290 1186 2352 ipsi
1208 2288 1293 2336 sint
1311 2289 1434 2345 inde,
1470 2305 1634 2352 nempe
1656 2299 1682 2336 a
1704 2290 1825 2336 bono
1848 2288 1927 2334 illo
1951 2288 2121 2344 medlo,
2154 2285 2356 2335 constare

392 2353 538 2416 potest
559 2352 725 2416 absque
748 2354 1078 2417 explicatione;
1113 2367 1158 2401 at
1190 2355 1316 2418 quod
1354 2371 1445 2402 non
1480 2355 1584 2402 data
1618 2356 1662 2402 ei
1693 2355 1780 2402 sint
1819 2353 1941 2410 inde,
1977 2365 2101 2417 patet
2131 2368 2157 2399 a
2179 2352 2367 2415 sequen-

393 2419 548 2473 tibus·,
583 2419 683 2466 sunt
718 2418 801 2466 filii
826 2419 1040 2476 Labanis‚
1077 2421 1159 2484 qui
1191 2418 1237 2467 id
1260 2421 1485 2468 dixerunt.

460 2485 607 2545 4065.
647 2484 711 2530 Et
733 2501 756 2530 a
780 2486 941 2549 quibus
964 2485 1081 2550 patri
1104 2485 1255 2534 nostro
1277 2485 1383 2533 fecit
1404 2502 1593 2534 omnem
1616 2486 1797 2548 copiam
1820 2485 1947 2539 hanc,
1982 2484 2110 2547 quod
2148 2482 2369 2544 fignificet

392 2551 522 2613 quod
550 2549 648 2614 Ipse
686 2549 766 2596 fibi
790 2551 930 2608 daret,
965 2550 1137 2599 constat
1173 2567 1200 2598 a
1236 2552 1560 2611 significatione
1598 2550 1736 2599 facere
1770 2552 1970 2612 copiam,
2026 2550 2152 2612 quod
2193 2549 2246 2596 fit
2282 2547 2369 2595 sibi

394 2618 526 2669 dare3
565 2615 834 2677 praedicatur
865 2615 987 2663 enim
1022 2615 1068 2663 in
1092 2616 1217 2664 sensu
1239 2617 1449 2678 supremo
1481 2618 1537 2664 de
1562 2617 1787 2672 Domino,
1822 2616 1900 2678 qui
1939 2613 2158 2678 nusquam
2193 2612 2373 2676 aliquid*

395 2680 506 2726 boni
542 2681 592 2727 ὅτ
621 2681 715 2728 veri
752 2683 809 2729 ab
830 2682 919 2730 alio
941 2681 1110 2736 sumsit,
1146 2681 1219 2728 sed
1243 2698 1268 2728 a
1290 2682 1445 2729 Semet
1467 2682 1605 2745 Ipso;
1641 2681 1926 2729 inserviverat
1961 2681 2151 2743 quidem
2173 2677 2258 2742 Ipfi
2283 2678 2366 2723 bo-

396 2760 506 2793 num
541 2746 660 2793 aliud
695 2763 780 2811 pro
809 2747 981 2802 medio,
1016 2748 1144 2810 quod
1176 2747 1495 2808 cognationem
1520 2747 1675 2795 habuit
1707 2747 1839 2793 etiam
1871 2762 1981 2794 cum
2019 2757 2235 2796 matern0,
2273 2741 2365 2788 La—

397 2811 485 2856 ban
510 2812 651 2867 enim,
687 2829 767 2875 per
790 2830 928 2876 quem
951 2813 1062 2859 illud
1088 2813 1263 2859 bonum
1288 2812 1580 2873 significatur,
1614 2823 1706 2861 erat
1729 2811 1862 2859 frater
1887 2810 2106 2856 Rebeccae
2128 2823 2235 2870 quae
2265 2823 2362 2854 ma·⁴

395 2888 462 2922 ter
480 2875 655 2935 Jacobi,
693 2878 765 2924 sed
787 2895 865 2940 per
883 2878 1087 2926 medium
1108 2878 1219 2925 illud
1238 2878 1319 2924 fibi
1335 2879 1614 2942 comparavit
1634 2878 1725 2934 illa,
1760 2893 1839 2940 per
1861 2890 1968 2938 quae
1989 2871 2206 2919 Naturale
2231 2871 2370 2920 suum

395 2942 577 3005 propria
601 2943 799 3002 potentia
812 2943 1036 2990 Divinum
1058 2942 1166 2991 fecit
1185 2964 1199 2997 ς
1222 2943 1342 2990 aliud
1365 2943 1446 3001 est,
1468 2960 1524 2991 ex
1550 2943 1705 2991 medio
1725 2940 1895 3004 aliquid
1915 2938 1993 2985 sibi
2016 2952 2289 3000 comparare,
2314 2938 2364 2985 ὅτ

395 3007 516 3053 aliud
542 3023 619 3068 per
643 3008 851 3054 medium
871 3028 885 3062 3
920 3025 999 3070 per
1023 3008 1231 3056 medium
1255 3008 1336 3056 fibi
1359 3009 1656 3073 comparavit,
1692 3008 1799 3070 quia
1821 3015 1950 3052 natus
1988 3003 2051 3050 est
2074 3004 2235 3057 home,
2269 3003 2318 3050 ὅτ
2340 3018 2367 3050 a

398 3086 540 3119 matre
564 3073 898 3120 baereditarium
930 3075 1064 3121 traxit
1093 3073 1219 3137 quod
1257 3074 1599 3136 expellendum,
1639 3087 1729 3119 non
1767 3084 1919 3118 autem
1955 3085 2012 3116 ex
2051 3067 2222 3122 medio,
2257 3067 2366 3130 quia

396 3149 640 3203 conceptus
662 3153 687 3186 a
710 3137 940 3203 Jehovah,
971 3155 999 3187 a
1021 3140 1131 3203 Qo
1151 3137 1382 3189 Divinum
1405 3138 1509 3204 ipsi,
1546 3152 1682 3201 quare
1704 3135 1787 3187 sibi
1804 3134 1895 3200 Ipsi
1917 3134 2045 3184 dedit
2067 3132 2222 3185 omnia
2243 3132 2365 3248 borgca
