2742 3718
509 198 841 326 CAPUT
887 246 1556 321 TRIGESIMUM
1601 249 2111 323 TERTIUM.
2211 269 2338 336 177

435 402 534 452 441
544 381 594 437 6.
633 383 844 455 Spiritus
867 383 923 438 in
942 382 1120 437 altera
1142 382 1267 436 vita
1285 400 1351 436 ex
1369 382 1521 452 Luce,
1541 383 1594 437 in
1607 399 1715 452 qua
1718 381 1862 454 sunt,
1889 392 2136 455 apparent
2149 384 2332 455 quales

346 456 490 530 fitnt,
525 474 650 512 nam
671 458 788 525 lux,
824 456 877 511 in
893 471 998 526 qua
1012 456 1205 523 vident,
1241 452 1563 525 correspondet
1596 455 1698 509 luci
1718 471 1784 510 ex
1819 471 1927 524 qua
1940 456 2233 527 percipiunt,
2268 467 2332 512 ut

364 529 555 585 ditium
597 529 689 602 qt:
729 529 817 599 qui
837 544 972 582 vera
987 525 1274 598 sciverunt,
1317 523 1391 583 δῖ’
1413 541 1608 595 quoque
1628 525 1730 579 illa
1752 528 2166 600 confirmaverunt
2200 531 2338 600 apud

346 601 428 673 ft,
467 601 541 660 ἐφ’
564 610 738 657 tamen
755 601 930 657 vitam
960 599 1095 664 mali
1113 599 1373 668 vixerunt,
1410 598 1496 653 illi
1534 606 1781 669 apparent
1816 600 1870 652 in
1893 601 2002 655 luce
2038 600 2216 668 nivea,
2234 599 2335 672 sed

343 672 580 746 frigida,
617 674 799 745 qualis
835 669 898 745 est
927 672 1021 726 lux·
1036 671 1283 746 hyemalis
1300 693 1318 742 3
1368 679 1433 725 at
1467 685 1581 725 cum
1611 669 1687 724 ad
1719 668 1858 738 illos,
1898 673 1990 740 qui
2013 671 2066 726 in
2088 672 2194 727 luce
2217 674 2331 728 coeli

344 744 488 818 stent,
527 747 791 815 accedunt,
815 753 936 799 tunc
953 744 1155 799 illorum
1175 745 1268 799 lux
1344 740 1473 813 orstcs
1495 741 1850 797 obtenebratur
1872 739 1945 800 θ’
1947 746 2022 815 fit
2035 744 2331 817 caliginosa;

367 816 444 877 ἐν’
467 835 577 873 cum
588 827 842 874 removent
843 816 905 887 sti
929 834 968 870 a
981 817 1088 870 luce
1110 817 1243 884 coeli,
1276 815 1468 869 uccedit
1482 814 1644 869 lumen
1643 814 1855 887 flavum
1861 815 1988 886 sicut
2009 816 2332 888 exstelphure,

362 890 419 945 in
438 907 535 958 quo
549 898 792 961 apparent
807 899 1064 956 tanquam
1062 885 1287 959 spebira,
1323 904 1389 941 ac
1404 901 1535 941 vera
1550 886 1750 941 illorum
1740 886 1891 1012 Ificut
1921 886 2297 957 phantasmata
2313 912 2333 959 3

362 978 488 1015 nam
506 956 1055 1031 veraeorumfuerunt
1068 958 1190 1031 fidei
1204 955 1516 1030 persttastvae,
1553 974 1661 1027 quae
1677 965 1739 1012 ta
1761 958 1810 1012 is
1830 957 1914 1029 est,
1934 967 1992 1013 ut
2010 960 2332 1030 crediderint,

363 1033 492 1102 quia
506 1031 618 1087 illis
640 1034 802 1101 honor,
828 1033 1038 1102 lucrum,
1078 1029 1321 1102 &fama
1343 1031 1478 1099 inde,
1516 1027 1591 1088 θ’
1629 1028 2174 1161 ἱῖίὶὲἐξενὶπιίεῐιιενὶι,
2211 1034 2337 1103 quid

361 1120 549 1159 verum
569 1106 705 1159 modo
721 1114 987 1176 receptum.
1059 1104 1169 1177 <Qui
1182 1113 1352 1160 autem
1369 1104 1422 1158 in
1440 1102 1578 1158 malo
1582 1102 1707 1175 fiant
1812 1104 1926 1158 inde
1949 1105 2004 1157 in
2013 1102 2195 1180 falfis,
2233 1115 2332 1176 ap-

354 1187 547 1248 parent
564 1177 619 1230 in
637 1177 826 1232 lumine
847 1186 1104 1246 tanquam
1124 1178 1147 1231 i
1178 1176 1259 1231 nis
1281 1175 1613 1245 carbonarei3
1649 1176 1734 1229 hoc
1752 1174 1920 1231 lumen
1926 1177 2003 1249 fit
2006 1175 2201 1247 prorfits
2195 1174 2332 1248 fur-

360 1265 483 1304 vum
500 1250 575 1303 ad
593 1249 759 1304 lucem
779 1247 894 1303 coeli
910 1268 928 1318 3
945 1247 1044 1318 sid
1066 1248 1088 1303 i
1134 1268 1172 1304 a
1196 1248 1414 1316 lumina,
1447 1264 1514 1302 ex
1535 1246 1718 1316 quibus
1735 1249 1931 1316 vident,
1964 1247 2244 1305 variantur
2241 1247 2332 1320 fie-

357 1318 776 1393 cundumfalsttm
800 1319 875 1380 θ’
898 1320 1118 1390 malum,
1155 1321 1209 1378 in
1245 1319 1433 1390 quibus
1452 1317 1591 1390 fient.
1662 1320 1780 1375 Inde
1815 1322 1980 1375 etiam
2009 1320 2207 1391 patuit,
2241 1338 2332 1376 cur

358 1393 446 1448 illi
469 1394 563 1464 qui
586 1393 761 1449 vitam
781 1394 916 1448 mali
941 1403 1117 1465 agunt,
1139 1396 1383 1465 nusquam
1398 1391 1559 1466 pofflnt
1579 1393 1724 1447 veris
1745 1393 1960 1447 Divinis
1964 1393 2128 1466 fidem
2147 1410 2215 1447 ex
2217 1393 2334 1466 stn-

357 1482 474 1520 cero
495 1467 636 1522 corde
656 1466 878 1535 habere3
906 1463 1030 1537 sient
1050 1463 1181 1521 enim
1201 1465 1254 1520 in
1273 1464 1458 1520 lumine
1495 1463 1581 1518 illo
1594 1461 1806 1537 fumoso,
1841 1466 1896 1520 in
1918 1466 2046 1534 quod
2088 1481 2198 1519 cum
2235 1466 2336 1520 lux

357 1538 562 1607 coelestis
576 1539 776 1609 incidit,
798 1540 875 1612 fit
892 1538 1003 1592 illis
1025 1536 1388 1609 tenebricofiaem‚
1423 1545 1482 1592 ut
1496 1554 1582 1607 nec
1601 1536 1816 1591 videant
1835 1536 1992 1591 oculis
2019 1554 2104 1591 nec
2122 1538 2336 1592 videant

359 1618 547 1680 mente,
585 1608 660 1667 θ’
678 1621 930 1681 praeterea
950 1618 1066 1665 tunc
1083 1609 1138 1663 in
1160 1627 1388 1681 angores,
1425 1607 1500 1667 ἐπ’
1522 1609 1735 1676 quidam
1757 1608 1912 1678 quast
1921 1609 1977 1662 in
1992 1608 2219 1676 deliquia
2236 1627 2331 1664 ca-

357 1682 503 1750 dunt,
540 1682 653 1735 inde
663 1680 748 1752 est,
783 1682 916 1749 quod
924 1682 1059 1734 mali
1079 1679 1325 1750 nusquam
1345 1682 1558 1750 recipere
1564 1678 1722 1752 pofflnt
1737 1694 1938 1748 verum,
1953 1677 2051 1749 fid
2068 1679 2210 1734 unice
2242 1681 2330 1734 bo-

358 1754 430 1808 ni.
505 1755 664 1807 Homo
680 1753 772 1822 qui
792 1751 967 1807 vitam
980 1752 1113 1806 mali
1129 1751 1262 1823 agit,
1296 1768 1386 1807 non
1408 1752 1608 1806 credere
1623 1749 1785 1824 potest,
1809 1753 1944 1821 quod
1960 1752 2013 1804 in
2025 1750 2132 1806 tali
2146 1753 2335 1810 lumine

339 1825 436 1893 stt,
472 1824 600 1891 quia
614 1841 704 1878 non
723 1824 896 1878 videre
912 1824 1076 1878 lumen
1088 1823 1144 1878 in
1156 1839 1252 1892 quo
1268 1820 1372 1896 ejus
1378 1822 1593 1895 spiritus
1612 1821 1693 1896 est,
1711 1820 1807 1893 sed
1826 1824 1961 1878 modo
1982 1823 2151 1876 lumen
2166 1826 2221 1878 in
2232 1841 2333 1894 quo

361 1892 468 1969 q‘us
488 1896 619 1949 oculi
636 1895 794 1965 visus,
829 1891 906 1952 ἔθ’
929 1895 1043 1949 inde
1063 1891 1166 1968 ejus
1188 1911 1325 1949 mens
1341 1894 1647 1964 naturalis,
1687 1904 1751 1950 at
1766 1893 1815 1965 li
1832 1894 2032 1950 videret
2053 1895 2218 1951 lumen
2216 1895 2332 1968 spi-

358 1967 500 2024 ritus
501 1965 610 2038 fiii,
648 1963 724 2024 θ’
736 1967 1053 2038 experiretur
1065 1966 1240 2037 qualis
1235 1967 1391 2039 fieret
1384 1966 1445 2045 st
1451 1966 1547 2021 lux
1562 1967 1675 2022 veri
1695 1963 1768 2025 θ’
1785 1966 1896 2022 boni
1917 1985 1945 2021 e
1965 1968 2082 2022 coelo
2102 1968 2156 2022 in
2171 1970 2230 2023 id
2242 1969 2330 2024 in-

340 2040 557 2111 flueret,
577 2038 740 2107 sciret
757 2036 1014 2110 manifeste
1032 2055 1189 2108 quam
1210 2039 1344 2110 longe
1373 2037 1555 2111 abfft
1577 2057 1615 2094 a
1644 2037 1930 2110 recipiendis
1949 2038 2062 2094 illis
2095 2040 2333 2111 quaesttnt

356 2110 512 2181 lucis,
533 2112 620 2165 hoc
639 2104 723 2183 est,
746 2125 859 2181 quae
857 2109 988 2181 fient
988 2111 1139 2184 fidei,
1164 2107 1240 2170 δέ
1258 2110 1427 2182 magis
1443 2110 1514 2166 ab
1526 2110 1803 2166 imbuendis
1823 2110 1936 2165 illis
1953 2127 2063 2180 quae
2061 2114 2186 2182 sunt
2202 2115 2328 2169 cha-

360 2183 575 2252 ritatis,
613 2184 699 2238 ita
720 2192 971 2253 quantum
989 2181 1199 2255 distaret
1220 2201 1258 2236 a
1274 2183 1406 2238 coelo.

432 2273 532 2322 441
542 2270 592 2322 7.
625 2252 914 2326 Sermofuit
932 2271 1041 2311 cum
1057 2254 1316 2325 Spiritibus
1335 2257 1582 2326 quondam
1600 2256 1660 2310 de
1680 2255 1830 2325 Vita,
1853 2257 1987 2327 quod
2001 2268 2168 2328 nempe
2187 2275 2327 2313 nemo

359 2326 445 2382 ali
480 2327 569 2381 uid
583 2327 707 2382 vitae
729 2346 769 2382 a
772 2325 834 2398 Je
849 2326 1067 2395 habeat,
1086 2325 1183 2396 sed
1205 2346 1245 2382 a
1259 2327 1494 2397 Domino,
1529 2329 1737 2402 tametst
1757 2328 2002 2384 videatur
2018 2331 2194 2384 vivere
2208 2349 2246 2384 a
2247 2331 2329 2402 β’,

355 2414 384 2452 c
463 2407 644 2453 eratur
665 2415 730 2451 n:
754 2416 792 2463 4
795 2416 822 2470 3
831 2416 899 2452 20
915 2420 934 2467 ς
973 2396 1047 2456 θ’
1070 2408 1185 2452 tunc
1202 2398 1418 2469 primum
1412 2398 1578 2470 firmo
1581 2397 1699 2478 fuit
1717 2400 1846 2467 quid
1863 2402 2002 2469 vita,
2016 2403 2148 2471 quod
2161 2414 2330 2473 nempe

351 2468 426 2539 sit
445 2469 726 2538 intelligere
741 2467 816 2526 ἐπ”
833 2471 983 2535 velle,
1018 2467 1092 2526 &³
1113 2470 1240 2537 quia
1272 2486 1409 2523 omne
1428 2471 1705 2540 intelligere
1724 2468 1786 2539 se
1823 2470 1988 2542 refert
2021 2474 2096 2525 ad
2125 2489 2325 2544 verum,

361 2536 440 2596 ἔθ’
457 2555 592 2592 omne
614 2538 747 2592 velle
768 2539 843 2594 ad
855 2538 1052 2607 bonum,
1087 2557 1150 2593 n:
1178 2557 1342 2611 4409,
1376 2542 1507 2609 quod
1523 2540 1862 2612 intelligentia
1884 2543 1997 2596 veri
2037 2542 2111 2601 &⁹
2144 2545 2325 2599 volun-

359 2618 454 2663 tas
474 2610 585 2664 boni
585 2612 665 2687 stt
681 2610 816 2676 vita.
889 2611 984 2666 Sed
984 2608 1206 2682 spiritus
1221 2612 1609 2668 ratiocinatores
1627 2612 1868 2667 dicebant
1888 2635 1905 2682 3
1927 2611 2051 2684 sunt
2066 2618 2203 2671 enim
2210 2618 2322 2687 spi-

358 2681 500 2736 ritus
522 2685 611 2751 qui
626 2682 819 2736 dicendi
823 2680 944 2753 stent
962 2681 1371 2752 ratiocinatores,
1392 2685 1517 2754 quia
1529 2685 1589 2738 de
1601 2685 1828 2740 omnibus
1841 2703 1958 2739 num
1972 2687 2055 2741 ita
2058 2688 2139 2759 stt
2153 2689 2322 2742 ratio-

356 2753 614 2823 cinantur,
650 2754 734 2808 illi
760 2754 1084 2824 utplurimum
1119 2754 1172 2809 in
1205 2751 1394 2827 obscuro
1415 2754 1540 2828 stmt
1567 2757 1628 2811 de
1649 2758 1779 2812 omni
1804 2758 2050 2826 veritate,
2090 2759 2326 2816 dicebant

359 2825 593 2894 inquam,
630 2826 763 2894 quod
799 2825 940 2896 usque
962 2825 1054 2894 qui
1075 2825 1127 2879 in
1158 2828 1304 2882 nulla
1324 2829 1662 2900 intelligentia
1706 2830 1819 2890 veri
1841 2827 1914 2887 δέ*
1937 2831 2199 2887 ‘voluntate
2213 2832 2331 2887 boni

341 2895 486 2968 fient,
520 2897 729 2966 vivant,
765 2898 862 2952 imo
879 2898 1088 2952 credant
1084 2896 1146 2966 se
1162 2909 1267 2968 prae
1286 2900 1412 2954 aliis
1436 2901 1644 2969 vivere,
1666 2897 1764 2968 ,βτί
1780 2901 2053 2972 respondere
2069 2902 2179 2957 illis
2217 2907 2320 2959 da·-

356 2978 489 3036 tum,
524 2969 655 3038 quod
670 2970 791 3024 vita
825 2969 1077 3024 malorum
1100 2979 1352 3040 appareat
1379 2971 1576 3041 quidem
1595 2972 1708 3026 illis
1710 2973 1850 3046 ficut
1885 2973 2025 3042 vita,
2042 2973 2141 3044 std
2173 2980 2325 3047 usque

354 3041 562 3111 quodstt
576 3041 697 3095 vita
721 3055 826 3111 quae
839 3051 1057 3096 vocatur
1080 3057 1211 3095 mors
1217 3039 1529 3112 spiritualis,
1567 3044 1695 3112 quod
1690 3043 1824 3113 Jc'ire
1840 3043 2012 3116 postent
2030 3063 2095 3099 ex
2112 3065 2185 3117 eo,
2209 3065 2325 3102 cum

358 3111 636 3184 intelligere
648 3129 836 3171 verum
859 3111 934 3174 ὃ,
955 3113 1088 3171 velle
1106 3111 1275 3171 bonum
1287 3113 1355 3184 lit
1378 3114 1499 3244 {ta
1525 3135 1559 3173 a
1578 3115 1789 3187 DivinO,
1821 3127 1935 3173 tunc
1972 3120 2101 3188 quod
2127 3121 2325 3176 intelli-

2205 3210 2329 3263 gere
