2742 3718
381 258 520 337 450
800 231 2060 331 GEKNESISs

389 365 574 413 Interno
611 360 821 409 Homine
862 361 907 408 in
935 362 1165 410 Humano
1195 361 1361 426 Ιρῐῐυε,
1398 378 1478 427 per
1501 362 1587 412 fuit
1608 361 1822 424 Jehovah
1844 376 1954 412 cum
1977 364 2076 423 illo,
2109 367 2381 429 significatur

387 431 514 495 quod
542 428 692 477 ineffet
709 428 957 485 Divinum,
975 428 1136 478 inerat
1159 431 1285 477 enim
1315 430 1546 479 Divinum
1566 430 1796 477 Humano
1811 429 1974 494 Ipsius,
2001 431 2110 496 quia
2124 449 2151 481 a
2167 426 2380 490 Jehovah
2414 454 2418 458 ²

386 509 629 560 conceptus
648 493 767 540 fuit:
803 495 922 559 apud
950 495 1160 557 Angelos
1179 505 1270 544 non
1296 497 1406 545 inest
1425 496 1668 554 Divinum,
1702 496 1777 546 sed
1799 497 1942 556 adest,
1978 499 2086 563 quia
2109 497 2211 547 sunt
2233 502 2377 557 modo

388 563 550 611 formae
573 561 835 620 recipientes
861 562 1024 610 Divini
1049 579 1073 609 a
1090 563 1316 613 Domin0.
1932 619 1934 623 ,

453 643 601 692 497²·
639 627 704 674 Et
727 626 810 675 fuit
831 632 903 675 vir
927 629 1205 694 prosperans,
1241 630 1370 693 quod
1393 630 1614 691 significet
1635 629 1762 694 quod
1796 629 1954 678 omnia
1977 630 2174 695 provisa,
2209 635 2382 685 constat

384 711 441 743 ex
466 694 792 758 significatione
816 695 1079 759 prosperari,
1113 712 1220 744 curn
1245 696 1414 744 dicitur
1441 696 1499 744 de
1522 696 1756 754 Domine,
1792 697 1919 761 quod
1942 697 1997 745 sit
2017 698 2254 762 provisum
2272 703 2381 765 effe,

383 777 434 810 ut
456 777 620 824 nempe
636 760 984 823 locupletaretur
1001 765 1130 810 omni
1154 764 1294 811 bon0.

453 843 549 891 497
558 845 600 889 3.
640 827 702 874 Et
724 825 810 874 fuit
835 830 880 875 in
908 828 1052 876 domo
1077 830 1254 877 domini
1276 828 1343 877 sui
1367 828 1600 893 AEgypffi,
1634 830 1761 894 quod
1786 830 2011 894 significet
2042 842 2095 880 ut
2134 831 2382 884 initiaretur

382 895 510 942 bono
530 893 735 950 naturali,
772 896 946 942 constat
969 912 1026 943 ex
1050 896 1377 959 significatione
1400 895 1597 954 domini,
1636 898 1764 962 quod
1797 897 2080 956 fit‘bonum,
2115 898 2174 947 de
2203 917 2294 965 qua
2317 902 2392 949 se-'

381 962 573 1025 quitur·‚
609 961 658 1008 &
683 976 741 1007 ex
766 961 1091 1023 significatione
1110 963 1341 1026 AEgyptii,
1378 963 1504 1027 quod
1529 963 1580 1010 fit
1605 963 1901 1012 scientificum
1926 964 1971 1011 in
1990 979 2172 1027 genere,
2208 967 2397 1018 &indeo

385 1028 603 1083 naturale,
640 1027 697 1073 de
716 1044 802 1090 qua
827 1045 878 1074 n:
900 1030 1028 1091 4967
1050 1051 1062 1083 ;
1098 1030 1226 1093 quod
1250 1030 1336 1076 effe
1360 1028 1404 1077 in
1429 1030 1590 1086 domo,
1628 1031 1682 1077 fit
1707 1030 1888 1088 initiari,
1923 1030 1986 1078 est
2004 1031 2111 1095 quia
2133 1033 2299 1082 domus
2315 1034 2380 1083 est

387 1111 513 1142 mens
538 1096 582 1140 in
608 1110 698 1157 qua
726 1095 920 1151 bonum,
943 1111 994 1141 n:
1014 1100 1160 1159 3538,
1186 1094 1260 1143 hic
1279 1110 1406 1143 mens
1428 1096 1655 1156 naturaliS‚
1675 1097 1725 1145 δε
1742 1109 1958 1162 praeterea
1976 1097 2144 1146 domus
2158 1100 2379 1163 praedica-

380 1174 457 1210 tur
471 1162 527 1207 de
553 1161 691 1221 bono,
728 1176 785 1206 n:
814 1161 958 1223 3652.
982 1176 1111 1224 3720
1134 1181 1148 1215 ;
1184 1161 1247 1208 est
1270 1161 1389 1225 apud
1432 1157 1671 1210 hominem
1693 1179 1820 1226 mens
1845 1163 2056 1212 naturalis
2090 1166 2139 1213 &
2163 1181 2291 1227 mens
2314 1183 2381 1215 ra-

378 1226 581 1283 tionalis,
619 1242 745 1275 mens
769 1226 979 1274 naturalis
1002 1227 1066 1274 est
1092 1227 1136 1274 in
1160 1241 1350 1277 externo
1369 1227 1463 1291 ejus
1481 1228 1688 1287 homine,
1708 1245 1836 1279 mens
1852 1230 2078 1278 rationalis
2096 1231 2141 1277 in
2160 1233 2340 1281 interno
2358 1253 2375 1288 ς

380 1293 620 1341 scientifica
645 1292 747 1340 sunt
770 1308 875 1342 vera
901 1295 1064 1342 mentis
1090 1295 1316 1352 naturalis,
1354 1311 1463 1358 quae
1477 1294 1693 1342 dicuntur
1707 1295 1768 1343 ibi
1789 1295 2005 1349 indomo
2020 1296 2096 1344 sua
2125 1296 2230 1354 effe,
2264 1314 2376 1346 cum

376 1362 443 1408 ibi
468 1359 808 1423 conjunguntur
847 1361 988 1417 bono,
1026 1377 1132 1409 narn
1156 1362 1330 1408 bonum
1355 1362 1406 1409 δε
1429 1377 1590 1409 verum
1614 1361 1898 1410 constituunt
1936 1362 2070 1410 fimul
2106 1378 2248 1411 unam
2282 1365 2377 1413 doe

377 1443 533 1483 mum,
569 1427 682 1474 ficut
712 1424 899 1474 maritus
922 1427 972 1474 &
996 1442 1138 1481 uxot-‘3
1185 1425 1259 1475 sed
1284 1428 1400 1475 bona
1445 1428 1496 1475 δε
1518 1443 1642 1486 vera,
1678 1429 1737 1476 de
1770 1428 1939 1493 quibus
1961 1428 2034 1476 hic
2067 1430 2235 1492 agitur,
2271 1429 2376 1481 sunt

378 1494 607 1548 interiora,
641 1491 993 1555 correspondent
1014 1494 1141 1540 enirn
1163 1492 1338 1540 coelesti
1365 1493 1606 1557 spiritualis
1625 1510 1649 1540 e
1674 1493 1896 1550 rationali,
1931 1495 2059 1556 quod
2093 1495 2378 1559 repraesenta-

374 1573 453 1609 tur
470 1575 548 1624 per
561 1558 814 1622 Josephum
837 1580 851 1613 3
885 1573 992 1607 vera
1011 1558 1222 1607 interiora
1238 1559 1629 1623 correspondentia
1654 1560 1699 1606 in
1725 1559 1913 1607 naturali
1932 1560 2035 1606 sunt
2050 1562 2377 1623 applicationes

371 1627 434 1675 ad
458 1629 580 1681 usuS,
615 1626 665 1673 &
689 1625 808 1673 bona
832 1626 1041 1674 interiora
1066 1624 1129 1675 ibi
1153 1625 1255 1674 sunt
1293 1625 1412 1676 usus.
1481 1625 1730 1675 Multoties
1753 1625 1801 1672 in
1825 1624 1985 1674 Verbo
2016 1625 2186 1673 dicitur
2210 1627 2383 1676 Domi·

378 1710 477 1750 nus,
515 1692 589 1739 sed
613 1691 695 1756 qui
714 1690 890 1740 sensum
906 1691 1132 1742 internum
1157 1708 1250 1741 non
1269 1692 1365 1751 scit,
1402 1690 1518 1740 nihil
1548 1691 1674 1741 aliud
1716 1707 1797 1757 per
1819 1691 2066 1748 dominum
2092 1692 2377 1744 intelleetum

371 1771 600 1815 autumat,
637 1774 780 1822 quam
802 1758 929 1822 quod
954 1759 1000 1807 in
1023 1759 1263 1808 communi
1289 1759 1512 1816 sermone,
1546 1775 1650 1809 cum
1675 1759 1891 1807 dominus
1924 1759 2206 1816 nominatur,
2242 1759 2376 1809 intel-

378 1828 566 1891 ligitur;
602 1825 675 1872 sed
700 1826 934 1873 Dominus
957 1824 1005 1874 in
1028 1826 1188 1874 Verbo
1211 1826 1374 1874 nullibi
1397 1824 1579 1883 dicitur,
1614 1825 1694 1874 ubi
1715 1841 1807 1874 non
1830 1825 1980 1888 agitur
2002 1825 2059 1872 de
2077 1825 2218 1883 bo‘no,
2258 1826 2381 1875 fimi-

377 1895 481 1941 liter
504 1909 610 1940 curn
628 1892 866 1954 Jehovah,
901 1907 1010 1941 cum
1028 1905 1182 1941 autem
1201 1892 1355 1957 agitur
1370 1891 1429 1939 de
1444 1893 1588 1949 Vero,
1623 1892 1790 1940 dicitur
1813 1893 1940 1940 Deus
1958 1891 2010 1940 δε
2030 1906 2218 1956 quoque
2232 1891 2340 1941 Rex
2358 1913 2375 1949 ς

372 1959 483 2010 inde
507 1958 571 2005 est
588 1957 715 2022 quod
741 1974 822 2021 per
845 1958 1093 2007 dominum
1117 1959 1396 2021 significetur
1418 1959 1596 2007 bonum
1616 1980 1631 2015 ;
1665 1957 1790 2023 quod
1810 1959 1861 2008 ὅτ
1884 1959 1943 2008 ab
1957 1957 2026 2005 his
2050 1958 2159 2006 locis
2173 1958 2377 2012 constare

375 2026 537 2091 potest,
572 2025 694 2088 apud
719 2024 887 2073 Mosen
923 2033 958 2055 “
981 2025 1192 2087 Jehovah
1213 2027 1342 2074 Deus
1363 2024 1526 2085 vester,
1563 2025 1663 2091 Ipse
1690 2026 1821 2074 Deus
1843 2025 2057 2082 deorum,
2086 2025 2143 2075 ὅτ
2165 2025 2378 2075 Dominus
2417 2085 2422 2088 ¹
2503 1997 2506 1999 Β

368 2089 689 2147 dominorum?
718 2092 876 2138 Deut:
901 2107 958 2138 x:
988 2108 1075 2155 17:
1110 2092 1232 2156 apud
1273 2092 1506 2141 Davidem
1541 2099 1576 2123 ‘⁶
1591 2091 1893 2140 Confitemini
1929 2091 2146 2152 Jehovae,
2188 2094 2378 2142 confite-

372 2158 494 2206 mini
517 2158 621 2204 Deo
634 2156 825 2204 deorum
846 2177 862 2210 ·‚
895 2157 1184 2206 confitemini
1206 2159 1386 2206 Domino
1408 2156 1726 2214 dominorum,’'
1752 2155 1939 2204 Psalm:
1963 2169 2139 2203 cxxxvi
2159 2171 2242 2213 εμπ.
2263 2171 2306 2203 2.
2325 2173 2374 2220 3,

370 2225 456 2271 ubi
482 2226 512 2287 J
517 2222 691 2270 ehovah
710 2220 1038 2270 seuDominus
1053 2222 1219 2270 dicitur
1233 2224 1363 2270 Deus
1392 2223 1588 2270 deorum
1605 2238 1633 2270 a
1656 2221 1835 2269 Divino
1851 2223 1980 2269 Vero
2002 2219 2131 2285 quod
2171 2222 2379 2285 procedit

376 2291 436 2339 ab
458 2289 579 2353 Ipso,
616 2289 666 2336 δε
691 2288 927 2335 Dominus
949 2289 1247 2337 dominorum
1267 2305 1292 2336 a
1315 2288 1495 2337 Divino
1520 2289 1651 2344 Bono
1674 2288 1803 2351 quod
1829 2286 1894 2334 est
1917 2287 1963 2334 in
1983 2287 2090 2351 Ipso
2110 2304 2121 2333 :
2169 2287 2378 2337 similiter

372 2358 503 2421 apud
541 2355 803 2416 johannem
841 2361 875 2384 ‘⁶
900 2355 1068 2420 Agnus
1097 2355 1250 2402 vincet
1273 2370 1368 2410 eos,
1403 2355 1514 2419 quia
1532 2352 1748 2419 *Dominus
1780 2351 2042 2401 dominorum
2076 2351 2158 2408 est,
2194 2353 2245 2401 δε
2266 2353 2374 2402 Rex

370 2420 592 2485 regum?
617 2421 758 2484 Apoc
778 2437 789 2466 :
812 2435 948 2468 xvii:
982 2437 1068 2479 14:
1104 2421 1155 2470 &
1176 2419 1544 2485 apudEundem
1579 2427 1614 2451 “
1641 2419 1809 2468 Sedens
1832 2418 1962 2483 super
1978 2434 2103 2483 equo
2118 2418 2224 2467 albo
2242 2419 2379 2469 habet

372 2491 509 2553 :super
523 2486 793 2535 vestimento
816 2486 898 2536 suo
919 2488 970 2537 δε
991 2487 1121 2552 super
1137 2487 1314 2536 femore
1333 2487 1413 2536 suo
1435 2501 1606 2536 nomen
1625 2485 1861 2550 scriptum,
1900 2486 2005 2537 Rex
2021 2500 2185 2549 regum
2207 2486 2259 2534 &
2281 2487 2379 2535 Do-

374 2559 515 2605 minus
536 2551 850 2610 dominorum‚”
870 2554 1009 2619 Apoc
1029 2572 1040 2602 z
1065 2570 1172 2603 xix:
1192 2556 1262 2603 216
1283 2575 1299 2610 ς
1334 2555 1461 2618 quod
1486 2552 1846 2603 Dominus-Rex
1869 2567 2028 2615 regum
2045 2554 2269 2601 'dicatur'a
2285 2552 2376 2602 Di-

375 2625 487 2671 vino
509 2623 651 2678 Ver0,
689 2621 739 2668 &
762 2621 992 2669 Dominus
1015 2621 1318 2670 dominorum
1342 2637 1366 2668 a
1390 2621 1567 2668 Divino
1589 2621 1738 2675 Bono,
1774 2631 1902 2684 patet
1923 2618 2151 2682 a·fingulis
2175 2617 2238 2667 ibi
2256 2639 2271 2674 3
2288 2635 2375 2667 no-

376 2705 488 2737 men
512 2688 727 2750 scriptum
746 2685 809 2733 est
830 2687 960 2749 quale
980 2686 1143 2752 Ipfius,
1170 2704 1199 2735 n
1220 2704 1230 2734 :
1261 2703 1374 2747 144.
1406 2703 1516 2749 145.
1547 2702 1688 2753 1754.
1712 2687 1854 2752 1896.
1875 2702 2021 2750 2009.
2045 2700 2198 2753 27²4·,
2214 2684 2372 2749 3006}

373 2755 707 2802 vestimentum
731 2752 864 2816 super
885 2769 991 2820 quo>
1005 2754 1052 2802 id
1076 2752 1313 2818 scriptum,
1349 2752 1412 2800 est
1429 2769 1592 2801 verum
1615 2753 1745 2810 fidei,
1782 2769 1812 2799 n
1833 2769 1844 2799 :
1883 2766 2024 2815 1073.
2052 2751 2197 2819 2576.
2222 2766 2372 2814 4545.-

374 2823 507 2884 4763
532 2843 546 2875 ·,
581 2819 733 2868 femur
756 2819 885 2883 super
906 2836 1004 2886 quo
1026 2821 1166 2869 etiam
1189 2821 1236 2869 id
1261 2821 1391 2886 quale
1409 2820 1647 2885 scriptum,
1670 2819 1735 2868 est
1758 2819 1933 2867 bonurn
1949 2820 2131 2877 amoris,
2152 2834 2205 2865 n:
2227 2827 2373 2881 3021.

378 2902 527 2949 4277.
550 2890 695 2947 4280.
721 2901 850 2948 4575
874 2908 888 2942 3
923 2887 1088 2936 exinde
1112 2903 1294 2953 quoque
1317 2899 1441 2952 patet
1458 2887 1592 2950 ¹quod
1614 2885 1849 2934 Dominus
1870 2901 1928 2933 ex
1950 2884 2129 2933 Divino
2152 2884 2279 2930 Vero
2301 2880 2372 2927 di-

378 2965 503 2999 catur
528 2953 634 2999 Rex
653 2968 833 3015 regum,
863 2955 914 3001 &
931 2970 988 3002 ex
1011 2955 1186 3002 Divino
1208 2955 1338 3002 Bono
1363 2955 1597 3004 Dominus
1613 2953 1913 3001 dominorum
1935 2972 1966 3006 ς-
1984 2950 2111 3015 quod
2144 2947 2374 2995 Dominus

373 3036 438 3067 ex
462 3019 636 3065 Divino
658 3019 782 3065 Vero
826 3019 1000 3069 dicatur
1038 3021 1159 3078 Rex,
1193 3021 1400 3069 videatur
1442 3037 1497 3069 n:
1541 3036 1685 3082 2015.
1713 3019 1859 3082 2069.
1886 3032 2031 3081 3009.
2053 3015 2195 3076 3670.
2223 3017 2374 3073 4581.
2473 3057 2476 3060 ,

380 3084 495 3135 ‘Iride
519 3099 703 3147 quoque
722 3084 878 3147 liquet,
897 3087 1012 3150 quid
1030 3087 1298 3151 intelligitur
1316 3104 1395 3152 per
1413 3086 1647 3135 Christum
1662 3083 1882 3140 Domini,
1900 3081 2021 3143 apud
2038 3080 2232 3136 Lucam,
2252 3088 2282 3109 “
2299 3079 2371 3126 Siss
2430 3090 2433 3093 ·

377 3151 538 3200 meoni
558 3150 818 3211 responsum
844 3151 1015 3201 factum
1032 3155 1095 3202 est
1113 3171 1139 3203 a
1163 3154 1321 3217 spiritu
1346 3154 1517 3208 sand'to,
1556 3167 1648 3199 non
1671 3149 1877 3196 visurum
1902 3157 2098 3194 mortem
2123 3158 2369 3210 antequam

372 3216 553 3265 videret
577 3215 784 3277 Chmsttim
808 3217 1034 3276 Domini,'’
1059 3237 1125 3268 11:
1146 3220 1226 3277 26,
1247 3219 1448 3267 Christus
1465 3215 1659 3267 Domini
1678 3213 1742 3262 est
1763 3212 2171 3264 DivinumVerum
2197 3212 2365 3325 Dgini

1344 3296 1347 3301 ·
2120 3300 2123 3303 ·
2286 3292 2366 3327 om
