2742 3718
423 229 565 315 r164.
818 225 879 293 G
1016 221 1086 292 E
1213 220 1306 292 N
1431 219 1500 292 E
1607 224 1694 293 S*
1810 223 1864 292 I
1984 223 2048 296 δῖ

410 374 534 405 1nam
574 359 620 404 in
654 355 836 418 lingulis
872 354 1006 417 usque
1035 353 1269 403 indefinita
1302 351 1431 402 sunt':
1466 355 1662 404 fatentur
1700 355 1839 403 etiam
1864 355 1909 402 id
1933 355 2100 416 angeli,
2134 356 2213 422 qui
2252 368 2405 408 tamen

353 421 363 431 ‘
432 424 478 470 in
498 437 616 469 tanta
639 421 849 484 sapientia
870 420 1109 482 respeffive
1133 421 1188 467 ad
1213 422 1446 468 hominem
1470 421 1586 478 sunt,
1620 434 1672 469 ut
1690 421 1932 468 ineffabilia
1955 421 2046 468 smt
2061 438 2167 486 quae
2191 423 2335 472 sciunt
2350 427 2400 472 δε

430 489 702 552 percipiunt,
737 500 900 548 nempe
935 485 1231 549 quodsolum
1259 487 1619 535 communiffima
1644 486 1887 549 respeffive
1909 485 2060 542 sciant,
2094 489 2144 535 &
2176 490 2299 552 quod
2323 491 2402 538 illa

432 569 537 616 quae
571 568 658 598 non
696 551 853 607 sciunt,
890 552 1122 598 indefinita
1155 553 1255 609 fint,
1291 569 1381 601 non
1412 554 1578 601 audent
1610 553 1754 599 dicere
1777 552 1967 605 infinita,
2003 553 2111 614 quia
2151 555 2293 603 nullus
2318 556 2403 603 res—

433 618 587 681 pectus
608 617 741 663 datur
769 617 818 663 &
849 617 967 663 nulla
990 617 1102 664 ratio
1120 617 1235 665 inter
1256 618 1439 664 finitum
1458 619 1503 664 ἃ.
1524 618 1770 670 infinitum.
1840 617 1951 664 Inde
1975 620 2402 680 quoqueconcludi

432 682 594 745 potest,
631 683 765 746 quale
789 681 850 728 est
881 682 1103 737 Verbum,
1140 683 1227 728 hoc
1249 683 1358 746 quia
1381 682 1626 739 Divinum,
1662 699 1685 728 a
1718 684 1865 745 prima
1894 681 2070 742 origine
2099 682 2276 742 infinita
2299 684 2342 731 in
2360 685 2405 732 fe

431 749 652 803 continet,
688 763 737 794 ac
762 747 864 794 inde
893 746 1133 794 ineffabilia
1165 763 1270 810 quae
1293 747 1395 794 sunt
1425 746 1653 810 sapientiae
1678 748 1935 810 Angelicae‚
1971 747 2021 795 &
2044 746 2240 811 denique
2264 749 2406 798 modo

388 822 393 827 ¹
433 812 534 859 talia
552 828 656 876 quae
677 814 907 875 adaequata
930 813 1030 859 sunt
1047 813 1200 875 captui
1217 813 1434 860 humano.

499 896 531 937 4
537 886 647 941 3⁹4.
685 878 841 941 Usque
857 879 980 941 quod
998 893 1167 926 venero
1182 879 1238 926 ad
1257 878 1502 926 dominum
1518 894 1673 926 meum
1690 879 1734 926 in
1750 879 1862 937 Seir,
1878 882 2002 941 quod
2024 882 2244 945 significet
2263 878 2407 944 usque

435 942 551 997 dum
565 943 778 1007 conjungi
803 944 991 1006 possent,
1029 958 1195 1006 nempe
1210 959 1370 992 verum
1392 945 1517 1007 quod
1536 944 1598 991 est
1621 942 1764 1004 Jacob
1779 960 1883 993 cum
1902 946 2030 996 Bono
2047 947 2172 1011 quod
2190 945 2253 993 est
2268 945 2407 1002 Esau,

412 1010 636 1061 .constare
655 1009 795 1072 potest
819 1008 1178 1070 afignificatione
1201 1009 1317 1066 Seir,
1351 1010 1474 1072 quod
1501 1009 1552 1056 fit
1573 1009 1831 1072 conjunctio
1853 1010 2152 1074 spiritualium
2172 1018 2409 1059 cum'coe·

436 1074 619 1122 lestibus
638 1075 681 1122 in
702 1075 925 1130 Naturali,
961 1075 1047 1121 hoc
1070 1074 1157 1132 est,
1191 1076 1286 1121 veri
1310 1075 1436 1139 quod
1461 1075 1568 1122 fidei
1605 1089 1712 1123 cum
1738 1076 1862 1123 bono
1895 1078 2022 1141 quod
2046 1077 2109 1124 est
2146 1076 2370 1125 charitatis
2390 1098 2407 1132 ;

420 1142 610 1190 ‘bonum
634 1140 707 1186 cui
728 1139 1023 1201 conjunctum
1047 1139 1111 1187 est
1133 1155 1295 1188 verum
1321 1141 1365 1186 in
1388 1140 1599 1196 naturali,
1633 1156 1685 1188 ac
1719 1140 1764 1188 in
1790 1141 1999 1205 supremo
2022 1142 2147 1190 sensu
2178 1142 2408 1189 Divinum
2435 1190 2441 1195 ,
2518 1192 2523 1197 ,

438 1206 490 1252 N
494 1204 655 1252 aturale
681 1206 872 1252 Domini
893 1205 1042 1268 quoad
1060 1206 1242 1253 Bonum
1262 1204 1556 1269 conjunctum
1581 1206 1705 1253 Vero
1725 1206 1805 1263 ibi,
1839 1207 1904 1254 est
1926 1208 2053 1272 quod
2068 1208 2250 1272 proprie
2273 1207 2409 1271 figni-

439 1273 593 1319 ficatur
631 1287 710 1334 per
744 1272 840 1318 Seir
864 1271 910 1318 in
935 1270 1002 1333 his
1025 1271 1134 1319 locis
1169 1272 1221 1318 in*
1255 1272 1432 1327 Verbo,
1467 1274 1511 1318 in
1550 1271 1828 1336 Prophetico
1850 1273 1996 1321 Mofis
2021 1275 2079 1322 de
2101 1273 2209 1321 filiis
2236 1272 2406 1320 Israelis

413 1383 417 1386 .
439 1345 474 1366 ‘⁶
497 1337 706 1397 Jehovah
731 1337 786 1383 de
807 1337 927 1384 Sinai
948 1337 1093 1393 venit,
1130 1337 1178 1383 &
1194 1346 1360 1384 exortus
1382 1336 1500 1397 estde
1516 1339 1613 1384 Seir
1632 1339 1737 1395 illis,
1772 1338 2058 1402 exsplenduit
2074 1355 2100 1387 e
2133 1349 2292 1386 monte
2318 1338 2407 1385 Pa-

440 1419 535 1458 ran,
571 1404 620 1450 &
644 1403 768 1449 venit
792 1417 848 1447 ex
886 1401 1161 1463 myriadibus
1198 1401 1491 1459 sanctitatis,'’
1517 1403 1672 1451 Deut:
1695 1419 1828 1451 xxm
1851 1423 1863 1452 :
1891 1413 1945 1452 2.'
1961 1422 2004 1468 3,
2072 1405 2126 1452 In
2166 1402 2409 1467 Prophetia

399 1504 419 1510 -.
440 1469 629 1515 Bileami
667 1476 700 1498 “
727 1468 881 1516 Video
906 1466 1081 1529 Ipsum,
1118 1469 1168 1515 δε
1191 1483 1282 1516 non
1308 1466 1426 1530 jam,
1459 1467 1690 1531 conspicio
1713 1468 1871 1531 Ipsum
1895 1471 1945 1517 ὅτ
1969 1485 2060 1518 non
2083 1471 2366 1534 propinquus
2391 1491 2410 1525 ;

441 1534 610 1581 orietur
629 1532 750 1580 stella
772 1549 796 1579 e
820 1533 1009 1592 Jacobo,
1046 1535 1095 1580 ὅτ
1114 1533 1264 1596 surget
1287 1533 1515 1596 sceptrum
1538 1549 1595 1581 ex
1614 1533 1769 1581 Israele
1789 1555 1803 1589 3
1854 1534 1904 1581 δε
1927 1536 2012 1583 erit
2034 1536 2243 1582 Edomus
2266 1535 2410 1582 haere-

413 1598 574 1653 ditas,
609 1599 660 1645 &
697 1601 780 1661 erit
808 1598 1038 1645 haereditas
1061 1601 1168 1655 Scir,
1204 1597 1403 1646 hostium
1432 1598 1570 1656 illius,
1604 1599 1807 1647 &Israel
1830 1598 1994 1648 faciens
2017 1599 2207 1658 robur‚'’
2236 1600 2405 1647 Num:

441 1679 587 1711 xxiv:
621 1678 691 1727 17.
763 1663 815 1711 In
840 1663 1030 1710 Cantico
1054 1664 1255 1711 Deborae
1278 1665 1327 1710 &
1350 1663 1511 1710 Baraki
1547 1671 1581 1693 ‘⁶
1599 1664 1799 1724 Jehovah
1821 1680 1912 1711 cum
1933 1666 2099 1725 exivssi
2122 1681 2143 1711 e
2166 1667 2275 1721 Scir,
2299 1680 2408 1712 cum

416 1764 419 1769 >
443 1730 638 1793 egressus
661 1745 705 1775 es
728 1744 785 1775 ex
809 1729 1135 1791 agro'Edomi,
1171 1742 1285 1776 terra
1306 1727 1598 1786 contremuit,
1634 1741 1809 1777 montes
1831 1729 2116 1778 defluxerunt
2140 1750 2155 1784 3
2182 1729 2265 1776 -hic
2281 1730 2410 1777 Sinai

414 1819 419 1823 ·
442 1811 594 1843 coram
620 1794 824 1854 Jehovah
841 1795 947 1841 Deo
964 1794 1178 1852 Israelis,”
1205 1794 1327 1855 Jud:
1353 1810 1411 1841 v:
1434 1811 1482 1856 4.
1509 1810 1570 1855 5.v
1624 1795 1770 1859 Apud
1792 1795 1970 1844 Esaiam
1996 1805 2030 1827 “
2047 1796 2120 1844 Ad
2138 1812 2202 1843 me
2223 1796 2412 1844 clamans

418 1887 423 1892 ·
444 1878 468 1908 e
489 1862 596 1916 Seir,
631 1861 776 1908 custos
799 1859 908 1922 quid
925 1859 982 1907 de
1000 1872 1147 1917 nocte,
1181 1860 1331 1907 custos
1351 1861 1464 1922 quid
1488 1860 1544 1907 de
1562 1872 1690 1909 nocte
1715 1882 1728 1914 ;
1763 1860 1882 1910 dixit
1920 1862 2081 1919 custos,
2117 1862 2243 1909 venit
2261 1875 2412 1919 mane,

445 1925 673 1990 etiamque
687 1925 825 1982 nox,'’
848 1939 930 1971 xxr
954 1941 965 1971 :
994 1941 1065 1975 11.
1100 1940 1153 1975 12
1177 1946 1192 1981 3
1227 1925 1467 1974 videantur
1489 1925 1588 1974 haec
1604 1926 1663 1973 de
1695 1925 1808 1983 Scir,
1842 1938 1896 1975 ut
1917 1929 1967 1976 δι
1999 1944 2107 1992 quae
2128 1927 2260 1974 allata
2290 1927 2412 1984 sunt,

413 2031 417 2036 .
446 2007 478 2038 n
499 2008 509 2039 :
534 2007 682 2050 4240.

513 2062 659 2120 4385.
698 2056 758 2103 Et
775 2056 894 2104 dixit
915 2055 1051 2114 Esau,
1085 2057 1275 2106 statuam
1295 2057 1450 2122 quaeso
1473 2074 1579 2107 cum
1602 2070 1644 2107 te
1661 2058 1719 2106 de
1749 2058 1932 2123 populo.
1949 2058 2029 2123 qui
2055 2075 2249 2116 mecum,
2283 2059 2414 2122 quod

418 2147 422 2171 z
446 2122 668 2183 significet
691 2123 815 2185 quod
838 2122 1215 2184 conjungerentur
1252 2124 1405 2187 aliqua
1427 2124 1484 2170 de
1508 2125 1617 2171 boni
1640 2139 1766 2179 vero,
1802 2124 1977 2170 constat
1998 2139 2056 2171 ex
2079 2125 2411 2185 significatione

446 2187 635 2234 statuere
652 2202 755 2234 cum
782 2199 838 2241 te,
875 2189 1001 2250 quod
1025 2188 1077 2234 fit
1092 2189 1365 2250 conjungere
1385 2210 1399 2243 ;
1435 2189 1485 2236 &
1502 2204 1559 2235 ex
1584 2188 1910 2249 significatione
1928 2189 2088 2251 populi
2114 2189 2191 2252 qui
2210 2204 2413 2246 mecum,

422 2252 576 2316 ‚quod
601 2253 686 2298 sint
717 2252 865 2314 aliqua
886 2254 944 2297 de
970 2252 1078 2298 boni
1102 2254 1244 2307 vero;
1278 2253 1419 2316 quod·
1441 2252 1640 2317 populus
1668 2253 1755 2300 fint
1779 2268 1894 2308 vera,
1930 2253 2139 2302 videatur
2160 2270 2189 2301 n
2210 2272 2222 2300 ε
2269 2271 2322 2304 12
2332 2271 2419 2317 59.

455 2318 597 2366 1260.
625 2319 765 2379 2928.
792 2332 933 2380 3295..
963 2320 1106 2379 3581,
1142 2317 1248 2365 inde
1272 2318 1470 2382 populus
1503 2317 1599 2381 quir
1623 2326 1830 2375 mecum‚‘
1856 2318 1959 2366 sunt
1982 2319 2096 2367 boni.
2128 2335 2262 2366 vera:
2297 2320 2414 2383 qusd

423 2430 426 2431 γ
451 2381 561 2430 boni
585 2398 707 2439 vera,
742 2382 975 2444 aliquoties
998 2382 1120 2445 prius
1137 2383 1312 2430 dictum
1335 2383 1428 2437 est·,
1464 2383 1563 2430 sunt
1584 2383 1663 2431 illa·
1683 2399 1790 2430 ver-a
1812 2399 1920 2446 quae
1946 2385 2200 2447 procedunt
2222 2401 2246 2432 a
2270 2386 2413 2442 bono,

330 2451 341 2464 ⁶
422 2473 425 2477 ⁴
453 2449 504 2495 δε
541 2464 647 2511 quae
684 2448 854 2494 bonum
880 2447 1068 2494 influens
1092 2457 1175 2509 per‘
1205 2450 1440 2497 Internum
1464 2448 1700 2495 hominem
1724 2449 1769 2495 in
1787 2449 2049 2497 Externum
2073 2450 2222 2498 secum
2243 2450 2378 2499 habet
2390 2472 2415 2506 ς

453 2516 581 2577 quod
601 2513 676 2559 illa
698 2528 804 2560 vera
827 2513 1072 2575 significata
1097 2514 1179 2560 fint
1203 2529 1281 2578 per
1303 2515 1661 2578 quadringentos-
1683 2513 1823 2571 viros,
1860 2530 1978 2578 quos
1999 2514 2122 2564 Esau
2162 2515 2310 2565 secum
2335 2516 2414 2563 ha-

452 2579 603 2689 pebat3
637 2578 839 2627 videatur
861 2580 989 2642 supra
1012 2594 1042 2625 n
1061 2595 1071 2625 :
1090 2595 1214 2643 4341
1241 2602 1257 2635 ς
1291 2578 1488 2628 hic·ideo
1504 2579 1654 2643 aliqua
1673 2595 1731 2628 ex-
1751 2580 1865 2639 illis,
1883 2590 1991 2630 nam
2010 2581 2172 2631 dicitur
2193 2582 2250 2630 de
2266 2587 2417 2648 popu-j

441 2752 443 2754 ,
474 2660 501 2690 o
520 2660 919 2769 Eggiefftncliixit,
952 2726 1089 2775 quare
1105 2711 1206 2767 hoe,
1240 2711 1477 2758 inveniam·
1493 2709 1684 2774 gratiam
1707 2710 1757 2759 i'n
1776 2711 1920 2759 oculis
1935 2711 2112 2759 domini
2137 2715 2253 2771 mes,
2284 2713 2413 2776 quod

432 2775 675 2834 =significet
694 2775 1032 2823 illustrationem
1056 2793 1078 2822 a
1098 2775 1331 2838 praesentia
1355 2777 1552 2834 interius,
1588 2777 1785 2824 constare
1803 2777 2034 2841 potest'ex
2056 2777 2158 2835 illis,
2192 2792 2296 2841 quae
2315 2777 2420 2825 sub·

455 2842 672 2886 miffionis
696 2841 794 2888 haec
823 2840 1017 2889 formula
1051 2842 1260 2899 involvit,
1298 2857 1376 2904 per
1401 2842 1525 2891 illam
1546 2844 1667 2890 enim
1692 2845 1896 2890 renuitur
1916 2842 2150 2906 praesentia
2183 2842 2425 2905 proxima,.

455 2903 754 3016 ffiigpanpgtur
776 2906 1005 2970 praesentia
1027 2920 1215 2965 remota,
1252 2924 1359 2973 quae
1375 2909 1533 2956 eadem
1555 2907 1618 2956 est
1639 2923 1747 2956 cum
1785 2907 2018 2973 praesentia
2032 2906 2245 2980 interius,-
2279 2924 2302 2955 a
2324 2925 2424 2973 qua

441 3035 1777 3170 1stassffffbssin{effissisuffi‘ludrffii}¹{Zsffis2‘35SdJ-”dssssias‘223'i
1799 3036 2159 3158 3312352’015153‘3
2168 3037 2425 3164 essgd'gflissfi

436 3176 629 3218 satione
649 3164 739 3211 viae
757 3167 879 3228 quod
896 3168 949 3216 fit
965 3169 1111 3227 statuS,
1147 3170 1203 3216 de
1227 3184 1394 3231 qua-nt·
1411 3167 1490 3232 23.
1523 3172 1636 3230 487.
1655 3168 1776 3226 488·-
1793 3182 1903 3232 493·
1945 3170 2060 3232 893·
2097 3172 2239 3232 2788·
2266 3170 2424 3285 δῖἓέἑ
