2742 3718
468 202 800 278 CAPUT
846 200 1515 280 TRIGESIMUM
1561 204 2162 278 SECUNDUM.
2219 230 2344 301 121

359 349 447 389 *tus
468 338 564 387 veri
587 337 795 386 insinuati
819 335 864 383 in
879 333 1037 391 b0n03
1070 336 1219 399 agitur
1234 335 1368 384 etiarn
1392 336 1450 384 de
1471 336 1788 406 conjunctione
1820 338 1948 396 boni,
1982 340 2031 387 δι
2054 340 2226 390 bonum
2251 358 2344 391 non

371 405 436 453 est
459 406 631 452 bonum
663 404 746 451 nisi
777 404 824 450 in
857 401 934 450 illo
965 401 1020 450 fit
1051 417 1234 457 verum,
1269 417 1376 448 nam
1391 402 1569 451 bonum
1595 404 1730 452 suum
1753 404 1902 468 quale,
1935 405 1987 453 δε
2006 406 2191 472 quoque
2215 409 2339 457 suam

293 502 300 508 ³
355 470 572 523 ,formam
598 469 732 518 habet
772 483 798 516 a
842 482 970 530 vero,
1020 466 1159 531 usque
1198 465 1331 522 adeo,
1387 479 1441 513 ut
1478 467 1654 516 bonum
1698 485 1790 516 non
1833 471 2047 533 appellari
2087 487 2224 537 queat
2254 475 2342 521 bo-

358 552 482 598 Anum
506 535 628 599 apud
646 535 788 583 ullum
811 532 1063 589 hominem,
1098 530 1180 580 nili
1201 531 1243 579 ei
1262 532 1364 581 infit
1379 547 1561 589 verum,
1596 533 1670 579 sed
1683 550 1847 583 verum
1870 535 1993 584 suam
2011 537 2262 598 essentiam,
2287 541 2341 588 δι’

369 602 691 664 consequenter
708 600 832 648 suam
850 600 994 646 vitam
1012 599 1174 662 accipit
1193 615 1218 646 a
1253 598 1409 652 bono3
1444 599 1493 645 &
1527 598 1634 662 quia
1659 598 1720 644 ita
1739 600 1818 654 est,
1854 602 1902 646 &
1926 603 1984 649 de
2015 603 2338 667 conjunctione

369 669 597 717 bonorum
621 665 790 728 agitur,
825 666 962 712 etiam
981 664 1037 712 de
1067 664 1180 712 statu
1218 664 1314 711 veri
1347 664 1394 710 in
1427 663 1549 711 bono
1571 663 1737 726 agitur.
1808 666 1947 726 Qod
1982 668 2147 717 statum
2171 673 2263 718 veri
2288 672 2343 721 in

367 735 494 782 bono
509 732 684 789 attinet,
720 731 796 779 ille
827 731 1018 795 quidem
1048 729 1235 778 describi
1259 729 1427 793 potest,
1464 729 1535 775 sed
1560 732 1701 793 usque
1736 733 1829 776 non
1859 732 1976 794 capi,
2011 750 2150 796 quam
2169 737 2337 785 abillis

365 800 447 863 qui
469 799 805 862 perceptionem
822 796 1054 860 coelestem
1072 796 1273 849 habent;
1299 810 1366 847 ,ne
1387 794 1578 856 quidem
1602 795 1753 842 ideam
1775 793 2100 858 conjunctionis
2113 806 2206 849 veri
2224 819 2336 851 cum

355 866 491 919 ⁴bono
509 863 670 910 habere
693 864 891 925 poffunt,
926 861 992 907 est
1017 861 1142 907 enim
1167 875 1329 907 verum
1349 860 1435 906 illis
1458 859 1505 906 in
1531 860 1740 917 obscuro,
1779 860 1825 908 id
1850 862 1973 909 enim
1992 879 2152 914 verum
2175 868 2336 926 dicunt

364 929 492 994 quod
515 944 542 976 a
558 926 877 975 doctrinalibus
893 925 1166 990 didicerunt,
1201 924 1316 973 &id
1347 926 1521 972 bonum
1552 926 1680 990 quod
1720 926 1776 973 fit
1799 926 2045 976 secundum
2070 930 2117 976 id
2140 948 2298 983 verum
2317 957 2336 989 ς

363 1009 410 1044 at
431 994 512 1058 qui
551 992 888 1057 perceptionem
927 992 1113 1049 habent,
1149 992 1182 1038 ii
1204 991 1374 1039 inluce
1406 991 1578 1038 coelesti
1603 991 1702 1039 sunt
1725 992 1877 1056 quoad
1921 994 2219 1055 intellectum,
2255 1001 2335 1047 seu

362 1059 515 1126 quoad
533 1058 679 1106 visum
703 1057 1073 1115 intellectualem,
1095 1059 1145 1105 &
1162 1056 1417 1105 afficiuntur
1434 1057 1549 1104 veris
1565 1072 1670 1121 quae
1689 1056 2028 1120 conjunguntur
2051 1061 2198 1118 bono;
2222 1066 2334 1113 ficut

360 1126 518 1174 ocu'lus
541 1125 617 1173 seu
646 1124 767 1173 visus
798 1139 1041 1188 corporeus
1062 1123 1254 1171 afficitur
1276 1123 1462 1171 floribus
1484 1123 1695 1170 inhortis
1723 1125 1773 1171 δι
1797 1126 1936 1188 pratis
1959 1139 2163 1190 tempore
2186 1133 2298 1178 veris
2316 1154 2332 1185 ·‚

361 1194 413 1240 δε
436 1192 517 1257 qui
542 1191 587 1238 in
613 1191 822 1239 interiore
855 1189 1148 1254 perceptione
1178 1189 1294 1247 sunt,
1328 1189 1588 1237 afficiuntur
1610 1188 1695 1238 illis
1723 1190 1859 1238 etiarn
1882 1191 1992 1239 ficut
2015 1191 2252 1256 fragrantia
2274 1213 2333 1244 ex

347 1258 446 1316 *illis
469 1256 670 1315 exhalata
690 1277 705 1311 ;
741 1256 842 1304 talis
862 1256 1084 1319 eststatus
1108 1256 1348 1320 angelicuS,
1382 1267 1662 1319 quapropter
1684 1255 1942 1320 percipiunt
1971 1257 2038 1305 illi
2062 1261 2209 1324 angeli
2231 1278 2333 1310 om-

358 1324 435 1372 nia
458 1323 715 1371 discrimina
737 1324 788 1370 &
810 1338 969 1371 omnes
994 1323 1227 1371 varietates
1251 1321 1558 1369 insinuationis
1576 1323 1627 1370 δε
1642 1320 1973 1384 conjunctionis
1993 1324 2085 1372 veri
2107 1327 2151 1372 in
2185 1328 2331 1386 bono,

356 1390 422 1448 ita
439 1389 674 1438 indefinita
693 1393 786 1452 prae
809 1388 1014 1445 homine,
1049 1403 1156 1435 nam
1180 1387 1324 1436 homo
1347 1403 1404 1434 ne
1427 1387 1615 1451 quidem
1640 1386 1737 1444 scit,
1772 1388 1901 1452 quod
1923 1389 2071 1454 aliqua
2094 1391 2333 1443 insinuatio

355 1457 408 1504 δε
429 1454 688 1521 conjunctio
710 1455 780 1512 fit,
815 1455 866 1502 δε
887 1455 1014 1518 quod
1030 1453 1136 1501 inde
1160 1453 1305 1502 homo
1326 1454 1407 1501 fiat
1421 1452 1658 1516 spiritualis
1678 1475 1692 1508 3
1727 1465 1776 1502 ut
1794 1470 1905 1502 vero
1922 1455 2072 1519 aliqua
2093 1461 2222 1508 notio
2247 1460 2333 1508 hu-

346 1519 426 1585 jus
449 1521 511 1569 rei
530 1520 760 1576 habeatur,
795 1523 947 1583 paucis
969 1519 1217 1568 dicendum
1237 1541 1252 1574 ·,
1288 1519 1393 1567 bina
1410 1519 1511 1566 sunt
1533 1535 1642 1583 quae
1662 1519 1889 1567 internum
1907 1521 2148 1571 hominem
2165 1526 2331 1574 consti-

349 1589 504 1647 tuunt,
539 1603 706 1650 nempe
726 1585 977 1634 intellectus
994 1587 1044 1634 δε
1059 1585 1285 1641 voluntas,
1320 1585 1378 1632 ad
1397 1584 1675 1631 intellectum
1694 1586 1920 1647 pertinent
1938 1602 2060 1644 vera,
2096 1591 2147 1637 &
2168 1591 2223 1637 ad
2248 1607 2331 1639 vo-

353 1653 578 1699 luntatem
601 1653 738 1708 bona,
774 1666 878 1697 nam
900 1651 1027 1714 quod
1063 1652 1142 1697 icit
1163 1651 1213 1696 &
1246 1649 1465 1711 intelligit
1497 1649 1640 1696 homo
1661 1650 1788 1712 quod
1812 1650 1870 1696 ita
1893 1650 1963 1707 fit,
1998 1651 2086 1699 hoc
2117 1653 2228 1703 dicit
2250 1673 2330 1705 ve-

353 1733 476 1773 rum,
514 1718 564 1764 &
587 1714 832 1779 quod‘agit
856 1730 914 1761 ex
936 1714 1066 1771 velle,
1103 1714 1164 1760 ita
1201 1714 1327 1777 quod
1352 1715 1472 1769 vult,
1508 1714 1593 1762 hoc
1628 1714 1739 1762 dicit
1767 1714 1977 1771 bonum;
2012 1717 2086 1764 hae
2119 1720 2238 1769 binae
2263 1723 2329 1771 fa-

347 1783 544 1840 cultates
569 1797 709 1829 unum
733 1780 1036 1841 constituent:
1073 1778 1279 1827 illustrari
1299 1779 1386 1828 hoc
1400 1780 1549 1843 potest
1577 1795 1657 1843 per
1683 1783 2070 1844 comparationem
2097 1800 2203 1833 cum
2227 1789 2333 1836 visu

353 1848 495 1905 oculi,
531 1848 582 1894 δε
602 1862 708 1894 cum
732 1861 913 1893 amaeno
936 1844 1202 1907 &jucundo
1219 1845 1344 1908 quod
1368 1861 1448 1908 per
1464 1844 1612 1891 visum
1647 1845 1768 1891 hunc
1794 1847 2133 1910 appercipitur3
2169 1855 2332 1903 oculus

353 1929 461 1961 cum
485 1912 612 1960 videt
634 1910 826 1974 objecta,
862 1911 1115 1974 appercipit
1136 1925 1367 1956 amaenum
1387 1909 1707 1973 &jucundum
1732 1911 1837 1957 inde
1861 1911 2108 1961 secundum
2136 1914 2326 1976 formaS,

352 1980 542 2035 coloreS‚
577 1979 628 2027 δε
668 1977 773 2024 inde
797 1975 1150 2038 pulchritudines
1174 1974 1221 2022 in
1254 1976 1489 2022 communi
1523 1976 1640 2023 &in
1667 1976 1882 2039 partibus,
1917 1979 2058 2026 verbo
2076 1980 2326 2035 secundum

351 2045 560 2093 ordinem
581 2056 662 2092 aut
673 2042 983 2105 dispofitiones
1003 2043 1049 2089 in
1075 2038 1218 2097 series,
1254 2040 1365 2088 illud
1385 2058 1613 2090 amaenum
1637 2043 1687 2090 δι
1706 2041 1959 2106 jucundum
1984 2061 2074 2092 non
2095 2047 2158 2102 est
2181 2051 2322 2108 oculi,

351 2111 427 2159 sed
450 2110 513 2157 est
530 2111 670 2157 animi
695 2109 744 2155 ὅτ
763 2107 856 2173 ejus
872 2107 1120 2155 affectionis
1141 2128 1155 2161 ·‚
1198 2108 1248 2154 δε
1270 2122 1491 2171 quantum
1515 2108 1658 2156 homo
1687 2108 1880 2156 afficitur
1903 2108 2010 2167 illis,
2046 2124 2226 2162 tantum
2251 2115 2324 2164 ill'a

349 2177 496 2234 videt,
532 2176 582 2224 ὅτ
605 2187 783 2222 tantum
809 2174 882 2221 illa
905 2174 1127 2222 memoria
1151 2174 1326 2227 retinet,
1362 2189 1467 2238 quae
1488 2186 1640 2220 autern
1659 2173 1815 2221 oculus
1839 2189 1896 2221 ex
1919 2175 2043 2223 nulla
2075 2178 2318 2233 affectione

350 2242 495 2299 videt,
531 2241 923 2305 praeterlabuntur‚
958 2255 1041 2288 nec
1076 2238 1330 2286 inseruntur
1353 2240 1610 2296 m‹·mcriae,
1646 2240 1709 2287 ita
1747 2256 1828 2287 nec
1864 2241 1907 2288 ei
1950 2240 2285 2305 conjunguntur
2305 2270 2324 2304 3

349 2308 456 2356 inde
472 2320 596 2371 patet
609 2307 736 2372 quod
755 2305 929 2370 objecta
950 2306 1073 2354 visus
1094 2305 1263 2353 externi
1305 2305 1634 2368 implantentur
1657 2305 1902 2354 secundum
1924 2322 2157 2358 amaenum
2182 2313 2231 2360 δε
2245 2313 2322 2375 ju-

348 2374 549 2422 cundum
573 2373 887 2435 affection-um,
922 2372 972 2419 ὅτ
994 2372 1117 2436 quod
1139 2373 1182 2419 in
1200 2386 1378 2419 amaeno
1397 2371 1666 2435 &jucundo
1690 2373 1768 2419 illo
1785 2372 1888 2428 fint,
1923 2389 2030 2420 narn
2052 2390 2156 2423 curn
2172 2379 2318 2428 fimile

348 2455 581 2487 arnaenurn
599 2439 671 2485 seu
687 2437 938 2500 jucundum
958 2437 1156 2493 recurrit,
1165 2451 1302 2484 etiam
1325 2436 1428 2485 talia
1442 2436 1617 2500 objecta
1633 2451 1878 2495 recurrent,
1895 2440 2056 2500 pariter
2071 2456 2177 2488 cum
2201 2445 2326 2493 fimi·

345 2505 410 2560 ,lia
433 2502 622 2565 objecta,
657 2503 794 2548 etiam
819 2503 904 2549 tale
919 2517 1148 2548 amaenum
1167 2502 1216 2548 &
1229 2501 1506 2564 jucundum,
1529 2518 1638 2549 cum
1656 2506 1870 2551 varietate
1887 2503 2133 2553 secundum
2148 2506 2284 2557 status
2305 2529 2316 2559 ε

349 2567 643 2617 confimiliter
666 2567 707 2614 se
731 2567 864 2614 habet
885 2567 1270 2623 cum‘intellectu,
1305 2567 1385 2629 qui
1408 2566 1611 2614 estvisus
1635 2570 1849 2625 internus,
1883 2567 1973 2632 ejus
2006 2568 2177 2633 objecta
2215 2575 2321 2627 sunt

350 2633 614 2698 spiritualia,
649 2632 700 2679 δε
723 2647 826 2679 vera
848 2632 1075 2690 dicuntur,
1110 2647 1295 2696 campus
1312 2633 1493 2680 illorum
1517 2631 1803 2695 objectorum
1821 2634 1882 2682 est
1902 2639 2141 2694 memoria,
2175 2655 2317 2691 amae-

350 2716 464 2748 num
483 2697 800 2761 &jucundum
824 2697 942 2745 illius
966 2699 1084 2746 visus
1099 2697 1161 2746 est
1184 2698 1360 2746 bonum
1380 2719 1394 2752 ;
1429 2698 1491 2746 ita
1514 2699 1692 2747 bonum
1713 2699 1777 2746 est
1811 2701 1884 2747 cui
1922 2700 2243 2763 inseminantur
2264 2710 2316 2757 &t

349 2765 669 2830 implantantur
691 2780 827 2811 vera:
864 2763 968 2811 inde
999 2765 1282 2828 aliquatenus
1298 2762 1497 2812 constare
1520 2765 1686 2828 potest,
1721 2766 1833 2828 quid
1870 2765 2109 2814 insinuatio
2147 2773 2250 2820 veri
2266 2776 2314 2823 in

348 2834 524 2880 bonum
549 2830 618 2886 fit,
653 2830 703 2878 ὅτ
725 2827 984 2890 conjunctio
998 2830 1094 2876 veri
1119 2830 1163 2877 in
1181 2831 1303 2878 bono
1323 2851 1337 2884 ς
1373 2842 1473 2877 tum
1491 2831 1607 2893 quid
1630 2831 1821 2887 bonurn,
1857 2831 1913 2878 de
1931 2848 2024 2895 quo
2043 2832 2315 2899 hicagitur;

347 2899 407 2946 de
428 2912 523 2960 quo
546 2909 640 2944 tarn
657 2894 999 2944 innumerabilia
1020 2894 1277 2959 percipiunt
1300 2895 1496 2957 Angeli,
1531 2911 1640 2943 cum
1659 2895 1802 2943 homo
1824 2896 1906 2942 vix
1926 2898 2115 2961 aliquid.

414 2978 562 3025 4302.
599 2961 664 3009 Et
683 2961 717 3008 is
734 2960 984 3008 claudicans
1002 2962 1128 3024 super
1146 2959 1317 3009 femore
1332 2960 1425 3016 suo,
1461 2961 1586 3024 quod
1604 2961 1824 3023 fignificet
1839 2962 1965 3024 quod
1983 2979 2088 3011 vera
2104 2969 2319 3020 nondum

350 3020 398 3076 in
422 3029 550 3076 illum
571 3027 780 3076 ordinem
797 3025 1026 3091 disposita,
1046 3038 1099 3074 ut
1119 3028 1274 3074 omnia
1295 3026 1428 3073 simul
1447 3027 1690 3074 cum-*bono
1708 3027 1921 3074 intrarent
1942 3029 2114 3079 bonum
2137 3026 2323 3084 coeleste

347 3095 591 3158 spirituale,
628 3092 800 3141 constat
822 3109 879 3150 ex
903 3093 1227 3156 fignificatione
1250 3091 1516 3149 claudicare,
1552 3093 1681 3156 quod
1704 3093 1759 3139 sit
1781 3093 1827 3139 in
1849 3092 1971 3141 bono
2001 3096 2103 3153 effe,
2139 3098 2183 3144 in
2219 3117 2322 3164 quo

348 3159 556 3211 nondum
577 3174 685 3210 vera
708 3160 926 3225 genuina,
960 3159 1036 3209 sed
1053 3157 1319 3208 communia
1338 3159 1385 3206 in
1403 3173 1511 3220 quae
1534 3173 1637 3206 vera
1660 3154 1858 3221 genuina
1879 3160 2089 3210 infinuari
2111 3166 2317 3228 poffunr,

1394 3224 1474 3292 Q.
1550 3248 1552 3250 ·
2262 3235 2324 3295 §a
