2742 3718
589 160 947 270 CAPUT
981 197 1642 272 TRIGESIMUM
1690 199 2142 294 PRIMUM.
2226 249 2231 252 -
2268 226 2348 291 53

375 333 570 395 'quoque
584 329 884 394 :quodinillo
903 329 1050 378 statu..
1079 349 1081 351 ¹
1101 330 1244 388 Quod
1266 330 1501 391 Jischakus
1525 332 1806 397 repraesentet
1829 332 2052 381 Divinum
2077 331 2376 382 Humanum.

382 398 593 453 Domini,
627 398 679 444 &
712 395 1097 459 quidequuoad
1135 396 1364 445 Divinum
1404 397 1662 456 Rationale,
1697 399 1903 448 videatur
1933 415 1988 447 n:
2034 402 2176 461 1892.
2210 400 2353 447 2066.

381 477 527 527 2072.
555 467 699 526 2083.
729 462 875 523 2630.
897 474 1213 525 3012123194.
1240 478 1546 526 3210..›31074
1568 480 1636 527 pr.
1705 464 1826 512 Cum
1852 466 1953 519 hoc,
1973 465 2102 529 quod
2120 465 2353 515 Divinum

372 528 556 586 *Verum
579 529 706 591 quod
728 529 995 585 aDomino‚
1030 528 1183 575 secum
1206 543 1424 592 pavorem
1465 530 1625 577 habeat
1645 530 1768 591 apud
1809 530 1909 578 illos
1932 533 2011 595 qui
2045 545 2136 577 non
2162 531 2207 578 in
2232 530 2357 579 bono

379 593 499 651 sunt,
535 609 628 641 non
650 593 1063 642 autemDivinum
1086 593 1285 650 Bonum,
1319 595 1381 641 ita
1404 595 1446 642 se
1463 595 1598 643 habet
1618 615 1632 649 3
1667 596 1901 651 sanetum,
1937 597 2111 659 quod-a
2127 597 2353 653 Domino,

379 659 428 706 in
447 660 489 707 se
513 660 649 707 habet
677 658 908 706 Divinum
926 659 1110 707 Bonum
1133 661 1184 708 ὅτ
1210 660 1436 709 Divinum
1462 662 1657 716 Verum,
1693 660 1791 707 haec
1825 665 2035 709 continue
2075 678 2102 708 a
2141 663 2353 710 Domino

376 726 646 788 procedunt,
682 724 786 772 inde
809 724 921 773 Lux
940 741 1049 788 quae
1072 725 1138 772 est
1158 725 1206 772 in
1240 726 1384 782 coelis,
1421 726 1473 773 &
1496 726 1602 774 inde
1635 727 1714 774 lux
1733 741 1842 788 quae
1864 729 1911 773 in
1937 728 2161 774 mentibus
2196 729 2373 775 huma·-

379 792 542 846 manis,
579 790 902 852 consequenter
924 790 1030 839 inde
1064 791 1280 854 sapientia
1301 793 1351 839 δε
1374 793 1690 856 intelligentia,
1724 806 1831 838 nam
1866 791 1940 838 hae
1962 792 2052 839 luci
2083 793 2147 840 illi
2174 794 2353 853 insunt;

301 892 303 894 -
375 854 452 904 sed
476 856 555 903 lux
570 856 645 903 illa
664 856 734 904 seu
758 855 1039 917 sapientia&
1062 855 1363 917 intelligentia
1384 858 1522 906 afficit
1542 873 1702 904 omnes
1744 858 1991 905 secundum
2015 861 2316 922 receptionem
2335 882 2351 915 ;

376 923 458 984 qui
491 924 537 967 in
577 921 700 968 malo
730 919 850 976 sunt,
888 936 980 967 non
1005 921 1231 985 recipiunt
1262 923 1490 970 Divinum
1530 923 1734 979 Bonum,
1771 939 1879 970 nam
1904 924 1950 970 in
1980 923 2102 970 nullo
2125 941 2276 972 amore
2301 928 2353 975 δε

375 987 591 1034 charitate
614 985 732 1042 sunt,
755 1001 906 1033 ,omne
923 986 1047 1034 enim
1072 987 1248 1035 bonum
1267 987 1331 1035 est
1346 988 1513 1036 amoris
1536 991 1586 1036 δε
1609 989 1835 1037 charitatis
1856 1010 1869 1042 3
1905 988 1977 1035 sed
2005 989 2234 1037 Divinum
2258 992 2354 1039 Ve-

374 1068 481 1100 rum
500 1052 633 1115 recipi
659 1052 824 1116 potest,
858 1052 999 1100 etiam
1014 1068 1039 1099 a
1055 1053 1203 1110 malis,
1238 1066 1286 1102 at
1305 1055 1451 1103 modo
1474 1056 1532 1103 ab
1547 1055 1756 1102 Externo
1779 1054 1963 1102 illorum
1980 1054 2164 1102 homine
2183 1072 2273 1109 non
2293 1058 2351 1105 ab

375 1117 559 1166 Interno
579 1136 589 1164 :
625 1116 667 1165 se
691 1117 826 1165 habet
847 1117 938 1166 hoc
953 1118 1063 1166 ficut
1084 1120 1206 1168 calor
1223 1121 1273 1168 δε
1290 1119 1389 1177 lux,
1423 1137 1529 1184 quae
1546 1121 1704 1177 aSole‚
1723 1121 1841 1168 calor
1859 1121 2097 1183 spiritualis
2119 1122 2182 1169 est
2206 1138 2349 1179 arnor,

375 1185 435 1232 ita
458 1185 654 1241 bonum,
690 1183 772 1231 lux
782 1197 951 1231 autem
969 1183 1210 1249 spiritualis
1231 1186 1294 1234 est
1317 1186 1449 1243 fides,
1484 1187 1545 1235 ita
1566 1203 1726 1233 verum
1748 1209 1763 1241 3
1798 1203 1905 1234 curn
1930 1187 2049 1233 calor
2070 1203 2095 1233 a
2128 1187 2216 1234 sole
2241 1189 2354 1236 reci·

357 1250 515 1314 'pitur‚
550 1263 657 1298 tunc
693 1250 873 1298 arbores
905 1251 960 1309 .&
999 1251 1129 1299 flores
1160 1263 1400 1314 vegetant,
1437 1253 1694 1316 producunt
1734 1253 1858 1308 folia,
1893 1253 2040 1309 flores,
2074 1253 2250 1313 fruEtus
2272 1268 2352 1303 aut

373 1315 559 1372 semina,
595 1316 682 1363 hoc
697 1316 753 1363 fit
770 1327 980 1379 tempore
1002 1319 1119 1365 veris
1142 1317 1192 1364 &
1216 1317 1399 1379 aestatis,
1431 1331 1480 1367 at
1518 1335 1625 1367 cum
1658 1317 1778 1366 calor
1815 1335 1841 1366 a
1874 1318 1962 1365 sole
1987 1334 2078 1365 non
2114 1321 2345 1382 recipitur,

373 1382 451 1430 sed
474 1381 622 1430 solum
646 1382 746 1437 lux,
781 1393 890 1429 tunc
913 1381 1028 1430 nihil
1062 1394 1264 1445 vegetat,
1314 1398 1360 1433 at
1391 1400 1531 1433 omne
1552 1384 1865 1448 vegetativum
1896 1385 2119 1448 torpescit,
2153 1386 2266 1433 ficut
2299 1388 2354 1435 fit

373 1460 582 1511 tempore
603 1449 884 1495 autumni&
908 1448 1088 1511 hyemis
1107 1471 1122 1503 ς
1157 1450 1219 1495 ita
1241 1466 1430 1514 quoque
1446 1450 1490 1498 se
1514 1451 1651 1499 habet
1661 1466 1772 1498 cum
1789 1451 1935 1498 calore
1949 1451 2167 1514 spirituali
2185 1453 2234 1499 ὅτ
2252 1453 2351 1499 luce

373 1513 610 1577 spirituali,
649 1529 757 1578 quae
778 1514 1048 1572 aDomino,
1084 1514 1118 1562 fi
1147 1514 1294 1564 homo
1322 1516 1386 1563 est
1418 1514 1553 1564 instar
1584 1516 1700 1564 veris
1736 1516 1810 1563 seu
1844 1517 2024 1573 aestatiS,
2060 1529 2168 1565 tunc
2192 1513 2352 1580 recipi't

374 1579 550 1628 bonum
563 1580 694 1644 quod
712 1579 777 1626 est
793 1580 962 1628 amoris
983 1580 1292 1637 &charitatis,
1326 1583 1376 1630 δε
1394 1582 1609 1645 producit
1631 1581 1824 1639 fruEtuS,
1859 1594 1905 1628 at
1923 1582 1955 1628 fi
1971 1582 2114 1629 homo
2129 1582 2193 1629 est
2214 1583 2353 1632 instar

375 1646 586 1692 autumni
602 1644 866 1704 &hyemi8‚
900 1657 1007 1691 tunc
1031 1661 1123 1693 non
1138 1647 1297 1708 recipit
1319 1648 1492 1695 bonum
1509 1647 1678 1694 amoris
1692 1649 1741 1695 ὅτ
1757 1648 2000 1706 charitatis,
2036 1648 2227 1711 proinde
2250 1666 2346 1697 non

375 1710 589 1774 producit
606 1709 793 1765 fructus,
828 1709 904 1756 sed
921 1709 1063 1773 usque
1086 1711 1285 1773 recipere
1308 1712 1457 1774 potest
1476 1713 1643 1769 lucem,
1681 1713 1767 1759 hoc
1788 1712 1869 1769 est,
1890 1713 1996 1760 scire
2020 1714 2092 1761 illa
2115 1731 2222 1778 quae
2239 1715 2348 1778 fidei

375 1777 451 1823 seu
476 1777 567 1822 veri
584 1778 686 1822 ‘sunt
705 1795 720 1827 3
755 1775 833 1822 lux
856 1774 1076 1836 hyemalis
1092 1777 1239 1824 simile
1258 1776 1381 1834 facit,
1416 1794 1523 1825 nam
1541 1779 1649 1826 fistit
1666 1778 1869 1828 similiter
1891 1780 2063 1826 colores
2085 1780 2135 1827 δε
2150 1781 2351 1843 pulchri-

373 1840 569 1896 tudines,
604 1841 656 1888 &
699 1840 796 1887 illas
837 1841 1099 1903 conspicuas
1142 1841 1264 1898 facit,
1299 1842 1379 1891 sed'
1396 1858 1507 1890 cum
1537 1843 1809 1899 differentia,
1843 1845 1972 1908 quod
2005 1860 2098 1892 non
2144 1859 2353 1909 penetret

371 1906 521 1955 versus
543 1905 766 1960 interiora,
795 1906 912 1969 quia
934 1921 1025 1953 non
1050 1906 1113 1954 ibi
1131 1908 1267 1963 calor,
1303 1907 1414 1955 inde.
1432 1908 1554 1955 nulla
1572 1911 1830 1971 vegetatio:
1865 1926 1968 1956 cum
1988 1909 2143 1975 itaque
2168 1911 2345 1962 bonum

373 1988 468 2021 non
488 1971 716 2036 recipitur,
752 1970 827 2018 sed
852 1970 995 2019 modo
1017 1972 1114 2029 lux,
1150 1985 1260 2021 tunc
1286 1973 1351 2020 est
1385 1974 1497 2022 ficut
1532 1974 1578 2022 in
1616 1973 1805 2039 objeffls
1839 1976 1962 2025 calor
1996 1992 2086 2022 non
2111 1978 2348 2040 recipitur,

375 2039 520 2087 modo
541 2037 706 2085 formae
725 2038 886 2098 imago
909 2037 960 2084 &
978 2036 1231 2086 formositas
1263 2055 1288 2086 a
1304 2039 1420 2096 luce,
1455 2039 1561 2088 inde
1584 2039 1702 2087 intus
1724 2041 1790 2087 est
1815 2040 1992 2103 frigus„
2009 2043 2064 2088 &
2098 2043 2175 2090 ubi
2205 2044 2352 2107 frigus

372 2105 512 2161 intus,
548 2103 612 2152 ibi
632 2115 794 2166 torpor
814 2105 1029 2151 omnium
1046 2103 1127 2161 ibi,
1159 2106 1211 2152 &
1234 2106 1356 2170 quasi
1379 2104 1636 2170 corrugatio
1653 2107 1702 2155 δε
1717 2106 1996 2171 horripilatio
2011 2124 2116 2155 cum
2137 2109 2244 2157 illuc
2266 2110 2351 2159 lux

372 2170 418 2218 se
443 2170 593 2224 indit·,
629 2170 728 2217 haec
749 2170 847 2218 sunt
868 2184 985 2234 quae‘
1000 2169 1046 2216 in
1069 2170 1187 2218 vivis
1206 2170 1378 2219 faciunt
1401 2175 1633 2228 timorem,
1668 2188 1884 2236 pavorem
1908 2175 1958 2222 δε
1982 2187 2194 2222 terrorem
2217 2194 2227 2222 :
2267 2193 2348 2239 per

373 2236 488 2285 hanc
509 2236 900 2299 comparationem
923 2235 1199 2300 aliquatenus
1216 2238 1547 2302 comprehendi
1570 2237 1734 2302 potest,
1766 2241 2006 2302 quomodo
2029 2240 2070 2286 se
2084 2241 2216 2288 habet
2238 2258 2348 2291 cum

373 2304 553 2357 timore,
588 2318 772 2366 pavore,
807 2303 856 2349 δε
882 2315 1061 2357 terrore,
1096 2305 1179 2365 qui
1201 2305 1322 2365 apud
1346 2305 1509 2360 malos,
1542 2304 1669 2367 quod
1689 2321 1855 2368 nempe
1890 2306 1966 2353 illa
2000 2322 2092 2353 non
2117 2308 2243 2355 finta
2262 2309 2350 2356 Di-

373 2368 486 2416 vino
507 2369 658 2425 Bono,
695 2368 769 2415 sed
785 2383 818 2413 ·a
837 2367 1016 2415 Divino
1034 2369 1175 2425 Ver0‚
1211 2370 1261 2416 δε
1284 2370 1413 2434 quod
1433 2383 1538 2418 tunc
1555 2371 1658 2426 fint,
1692 2371 1876 2434 quando
1888 2387 1985 2419 non
2021 2373 2242 2436 recipiunt
2261 2375 2348 2420 Di·

369 2435 538 2489 vinum
562 2434 766 2493 Bonum,
801 2433 853 2480 &
887 2446 1040 2480 tamen
1074 2434 1301 2496 recipiunt
1324 2435 1552 2483 Divinum
1582 2437 1791 2491 Verum,
1824 2451 1928 2486 tum
1953 2438 2080 2504 quod
2117 2439 2345 2488 Divinum

375 2499 555 2552 Verum
579 2499 744 2562 absque
763 2499 911 2554 Bono,
946 2513 1037 2545 non
1062 2512 1295 2560 penetrare
1319 2502 1454 2562 possit
1477 2502 1628 2548 versus
1651 2504 1880 2557 interiora,
1917 2503 1989 2550 sed
2013 2505 2152 2550 modo
2180 2505 2349 2554 haereat

376 2563 423 2610 in
441 2563 672 2620 extremis,
706 2564 794 2613 hoc
817 2564 898 2621 est,
934 2565 980 2611 in
1012 2563 1218 2615 Eneterno
1240 2565 1447 2624 homine,
1481 2582 1533 2614 ac
1567 2579 1619 2614 ut
1642 2568 1896 2631 plurimum
1917 2569 1967 2616 in
1991 2568 2084 2628 eius
2125 2570 2308 2620 sensuali
2331 2595 2346 2627 ·‚

375 2630 425 2686 &
447 2629 573 2693 quod
596 2629 700 2677 inde
716 2642 923 2692 appareat
941 2629 1085 2680 homo
1108 2630 1154 2677 in
1177 2643 1359 2682 externa
1380 2630 1525 2681 forma
1542 2635 1813 2698 quandoque
1832 2636 2031 2698 pulcher,
2066 2650 2173 2682 cum
2192 2649 2342 2686 tamen

377 2697 423 2743 in
445 2695 615 2742 interna
635 2696 684 2742 fit
699 2695 871 2742 faedus:
897 2696 1013 2743 ,inde
1037 2711 1222 2760 quoque
1244 2697 1444 2747 constare
1462 2699 1626 2762 potest,
1661 2702 1805 2764 qualis
1835 2702 1945 2748 fides
1969 2700 2089 2763 apud
2119 2704 2347 2764 perplures

375 2762 445 2816 iit,
479 2777 617 2825 quam
641 2761 799 2809 dicunt
816 2761 979 2810 salvare
1001 2762 1169 2826 absque
1191 2764 1320 2812 bonis
1334 2767 1564 2827 operibuS,
1600 2766 1687 2812 hoc
1709 2766 1789 2821 est,
1824 2766 1993 2830 absque
2010 2767 2122 2813 bene
2147 2769 2259 2815 velle
2294 2773 2344 2818 δε

375 2828 490 2874 bene
508 2841 655 2889 agere.
710 2826 846 2885 ·Qia
868 2842 894 2873 a
918 2828 1091 2875 Divino
1114 2828 1344 2877 Humano
1375 2831 1579 2893 procedit
1595 2831 1821 2878 Divinum
1846 2832 2037 2888 Verum,
2074 2848 2166 2880 non
2187 2849 2343 2884 autem

374 2894 431 2941 ab
455 2893 560 2955 Ipso
579 2891 775 2948 Divino,
811 2892 914 2942 ideo
930 2892 1156 2940 Divinum
1184 2894 1462 2943 Humanum
1481 2896 1560 2952 est,
1595 2897 1720 2958 quod
1745 2897 1820 2944 hic
1843 2898 2118 2959 significatur
2141 2915 2222 2963 per
2254 2896 2344 2948 Pa‘-

374 2974 541 3005 vorem
557 2957 779 3020 jischaki,
815 2974 939 3023 nam,
984 2970 1039 3005 ut
1075 2958 1270 3013 dictum,
1307 2960 1538 3008 Divinum
1573 2963 1750 3009 Verum
1775 2961 1855 3019 est,
1890 2965 2017 3027 quod
2059 2976 2206 3022 terret,
2250 2985 2342 3015 non

358 3035 527 3072 'autem
546 3023 776 3072 Divinum
797 3024 978 3072 Bonum
997 3042 1008 3071 :
1045 3023 1211 3087 quoda
1238 3024 1415 3073 Divino
1430 3026 1654 3074 Humano
1670 3027 1862 3075 Domini
1882 3029 2092 3092 procedat
2112 3032 2342 3082 Divinum

374 3089 568 3144 -Ycrum,
598 3105 694 3136 non
715 3102 869 3140 autem
907 3091 964 3141 ab
995 3090 1097 3153 Ipso
1130 3090 1326 3147 Divino,
1361 3091 1668 3142 estarcanum
1706 3095 1918 3142 haeftenus
1959 3112 2050 3143 non
2073 3097 2340 3151 detectum;

365 3169 478 3202 cum
501 3154 589 3203 hoc
613 3156 673 3204 ita
691 3156 733 3206 se
752 3156 889 3206 habet
905 3155 937 3213 ·,“
955 3170 1197 3224 antequam
1223 3156 1453 3207 Dominus
1471 3160 1597 3208 venit
1618 3159 1666 3209 in
1684 3160 1927 3220 mundum,
1954 3174 2068 3212 tunc
2084 3162 2238 3228 Ipsum
2258 3166 2344 3211 Di-

2185 3246 2347 3290 vinum

379 3338 407 3353 to-
434 3351 447 3355 ,,
453 3346 489 3355 κο,
497 3353 507 3357 -
