2742 3718
418 156 2130 305 1707GENE61'IS.

410 339 572 398 incidit
594 348 640 395 in
658 345 732 395 illa
755 359 860 411 quae
881 342 986 391 sunt
1007 341 1116 391 fidei
1134 340 1257 408 apud
1277 341 1406 392 illum
1428 342 1479 393 ὅτ
1499 345 1642 394 credit
1664 346 1750 393 effe
1774 362 1894 404 v-era,
1929 361 1974 397 at
2004 349 2128 414 apud
2156 350 2390 403 coelestem

412 420 460 465 in
492 418 667 465 bonum
701 411 892 460 amoris:
930 408 1018 457 Sed
1041 409 1163 467 haec,
1192 410 1369 460 tametsi
1397 411 1513 462 clara
1550 411 1653 460 sunt
1681 413 1768 460 illis
1798 414 1880 477 qui
1903 415 1950 462 in
1974 414 2073 463 luce
2094 417 2217 475 coeli,
2253 418 2395 484 usque

413 482 597 531 obscura
621 480 722 527 sunt
746 477 832 524 illis
848 477 937 540 -qui
959 478 1006 526 in
1023 474 1124 527 luce
1146 476 1326 534 mundi,
1362 476 1424 525 ita
1446 478 1668 543 plerisque
1691 478 1848 537 hodie,
1886 480 2216 539 &fortaffisbita
2230 485 2395 534 obse&

412 566 478 604 ra,
515 560 564 594 ut
584 546 662 592 vix
680 542 1020 607 intelligibilia;
1054 555 1354 593 veruntamen
1376 546 1486 608 quia
1503 545 1562 592 de
1587 545 1674 593 illis
1697 545 1849 608 gitur
1873 545 1919 594 in
1955 545 2079 596 sensu
2115 548 2312 607 interno,
2344 566 2398 601 ac
2488 598 2492 605 ι

413 615 488 661 illa
514 613 615 660 talia
643 611 755 668 sunt,
792 625 883 658 non
907 607 1294 673 supersedendum
1328 610 1442 674 quin
1481 614 1774 674 aperiantur,
1809 625 2055 660 venturum
2097 613 2162 660 est
2191 626 2409 680 tempus,

412 678 597 743 quando
634 677 880 726 illustratio,
952 677 1094 742 Qod
1134 677 1273 723 altare
1304 688 1523 723 vocatum
1562 677 1616 726 fit
1640 677 1713 726 ΕΙ.
1739 678 1919 727 Erum
1941 678 2135 735 Isana,
2170 680 2221 728 ὅτ
2244 695 2325 744 per
2338 682 2404 730 id*

410 744 688 806 fignificatus
705 743 851 791 cultus
876 745 1063 790 interior
1096 757 1153 789 ex
1178 740 1356 789 Divino
1381 740 1619 805 spirituali,
1655 743 1736 800 est,
1773 745 1882 809 quia
1907 744 1970 792 El
1996 745 2146 793 Elohe
2171 746 2295 794 idem
2332 746 2408 796 est·

415 813 461 858 in
510 809 636 858 sensu
676 809 891 874 supremo
936 825 1043 856 curn
1067 806 1246 855 Divino
1273 807 1504 872 Spirituali
1543 810 1592 858 δε
1616 824 1804 874 quoque
1839 810 2006 866 Israel,
2038 812 2165 877 quod
2190 812 2324 860 Israel
2347 814 2404 862 fit

413 877 650 926 Dominus
673 876 826 940 quoad
852 875 1081 922 Divinum
1100 874 1361 936 Spirituale,
1396 890 1447 922 ac
1471 875 1518 922 in
1540 875 1666 923 sensu
1689 876 2059 940 repraesentativo
2082 878 2282 934 Ecclesia
2311 878 2409 944 spi--

414 943 583 992 ritualis
607 941 820 998 Domini,
856 942 930 988 seu
954 940 1081 1005 quod
1100 941 1243 1000 idem,
1279 940 1424 988 homo
1446 941 1529 1006 qui
1553 942 1671 999 talis,
1706 943 1913 991 videatur
1946 961 2006 992 n:
2044 946 2192 1004 42816.
2228 961 2356 1010 4292
2383 967 2400 1001 ς

413 1009 479 1058 El
502 1009 652 1057 Elohe
676 1010 720 1055 in
746 1008 904 1070 lingua
926 1006 1137 1070 originali
1157 1006 1377 1070 fignificat
1389 1007 1563 1067 Deum,
1578 1009 1752 1065 Deum,
1787 1010 1838 1058 δε
1859 1008 2009 1057 stricte
2033 1009 2278 1063 secundum
2302 1026 2404 1060 ver-

414 1078 487 1134 ba,
525 1076 683 1123 Deum
703 1074 919 1121 deorum:
957 1073 1002 1120 in
1023 1072 1417 1137 VerboJehovah
1442 1073 1516 1120 seu
1535 1074 1768 1122 Domi-nus
1791 1076 2005 1139 plurimis
2028 1075 2073 1123 in
2112 1077 2223 1126 locis
2253 1079 2412 1127 nomi-·

413 1138 545 1190 natur
570 1141 629 1189 El
653 1143 700 1188 in
718 1140 950 1202 singulari,
986 1142 1125 1188 etiarn
1146 1138 1315 1196 Eloah,
1350 1140 1398 1187 δι
1422 1154 1610 1203 quoque
1633 1141 1894 1190 nominatur
1931 1141 2123 1191 Elohim
2148 1142 2194 1190 in
2221 1144 2421 1207 plurali,-

414 1221 608 1272 uterque
631 1207 863 1271 aliquoties
888 1205 1045 1257 inuno
1062 1205 1208 1254 Versu
1233 1217 1313 1254 aut
1335 1205 1379 1252 in
1395 1221 1484 1253 una
1512 1205 1651 1261 serie·,
1686 1207 1767 1272 qui
1789 1207 1967 1256 sensum
2002 1207 2234 1264 internum
2259 1210 2415 1261 Verbi,

414 1291 518 1335 non,
552 1273 646 1329 scit,
682 1290 775 1320 non
800 1272 907 1320 scire
924 1272 1088 1335 ⁴potest
1114 1287 1192 1319 cur
1231 1271 1292 1320 ita
1314 1291 1331 1327 3
1367 1271 1495 1335 quod
1523 1271 1584 1321 El
1606 1273 1813 1324 involvat
1831 1273 1971 1331 aliud,
2005 1275 2055 1322 δε
2079 1274 2236 1329 Eloah
2261 1270 2411 1333 aliud,;

413 1357 464 1389 ac
489 1339 683 1388 Elohim
706 1339 844 1395 aliud,
879 1337 1072 1402 quisque
1095 1335 1241 1402 potest
1250 1335 1457 1401 judicare
1473 1353 1533 1385 ex
1556 1354 1630 1397 eo,
1663 1341 1794 1403 quod
1829 1341 2039 1389 Ver-bum
2071 1342 2131 1390 fit·
2157 1341 2412 1400 Divinum,=

416 1408 504 1455 hoc
518 1406 599 1463 est,
633 1421 659 1452 a
685 1405 868 1456 Divino
891 1405 1029 1452 ducat
1053 1403 1303 1465 originem,
1338 1404 1390 1451 ὅτ
1412 1403 1540 1467 quod
1564 1405 1618 1453 fit
1639 1405 1754 1454 'inde
1774 1406 2041 1470 inspiratum
2070 1408 2409 1472 quoad-ornnes

415 1488 578 1529 voces,
615 1471 714 1518 imo
736 1470 887 1535 quoad
911 1469 1122 1519 omnium
1142 1469 1392 1517 minimum
1409 1470 1616 1533 apicem:
1652 1471 1763 1535 quid
1790 1472 1871 1530 El,
1908 1488 2017 1520 curn
2044 1476 2321 1530 nominatur,
2348 1476 2431 1526 &1

415 1539 532 1603 quid
551 1537 758 1593 Elohim,
785 1536 1010 1595 involvit,
1045 1535 1254 1583 constare·
1266 1534 1417 1597 potest
1431 1535 1490 1583 ab
1512 1535 1600 1584 illis
1621 1551 1729 1601 quae
1751 1537 1882 1601 supra
1906 1541 2064 1602 paffim
2084 1539 2257 1587 ostenia
2279 1539 2411 1597 sunt„

416 1603 545 1669 quod
569 1618 737 1667 nempe
761 1601 820 1649 El
843 1602 900 1649 ὅτ
919 1600 1112 1648 Elohim
1136 1601 1211 1648 seu
1238 1601 1369 1648 Deus
1390 1600 1583 1659 dicatur,
1616 1599 1727 1652 curn
1751 1606 1903 1665 agitur
1939 1605 1997 1654 de
2020 1606 2162 1661 Vero,
2197 1606 2406 1654 videatur

417 1687 475 1731 n:
504 1685 614 1735 709.
641 1668 783 1730 2586.
813 1668 958 1731 2769».
988 1669 1135 1729 2807.
1157 1669 1304 1713 2822.
1332 1681 1456 1730 3921
1486 1665 1521 1715 f.
1546 1669 1721 1730 4·287;
1757 1668 1862 1715 inde
1902 1669 1981 1725 est,
2016 1670 2142 1732 quod
2165 1679 2244 1732 per
2271 1671 2335 1723 El
2357 1671 2410 1719 δὲ·
2479 1692 2482 1695 ⁴

418 1735 612 1785 Elohim
637 1736 684 1782 in
707 1732 832 1782 sensu
856 1733 1071 1798 supremo
1092 1732 1370 1796 significetur
1386 1731 1616 1781 Divinum
1639 1733 1899 1797 Spirituale,
1935 1745 2044 1787 nam
2071 1733 2172 1784 hoe
2195 1735 2320 1788 idem
2341 1735 2409 1787 est

419 1818 529 1865 cum
549 1801 730 1850 Divino
747 1802 892 1855 Vero,
927 1798 1003 1847 sed
1027 1815 1133 1847 cum
1157 1797 1429 1855 differentia,
1465 1798 1592 1863 quod
1619 1815 1700 1863 per
1718 1800 1777 1848 El
1799 1801 2082 1864 significetur
2120 1801 2295 1855 Verum
2324 1812 2410 1850 vo-

418 1868 594 1928 luntate
619 1867 670 1914 &
694 1866 818 1924 actu,
854 1865 983 1929 quod
1010 1864 1130 1912 idem
1155 1864 1218 1911 est
1241 1880 1345 1912 cum
1361 1865 1471 1912 Veri
1496 1865 1636 1923 bono,
1671 1882 1731 1914 nm:
1758 1883 1906 1931 4337.
1926 1877 2073 1931 4:353.
2100 1884 2233 1931 4390
2249 1878 2273 1915 z·
2297 1868 2410 1917 Elo-
2442 1915 2446 1920 ,

420 1925 523 1983 liim
557 1933 604 1980 in
639 1933 802 1997 plurali
826 1924 1009 1988 dicitur,
1043 1931 1152 1994 quia
1176 1946 1256 1993 per
1279 1930 1458 1978 Verum
1483 1931 1721 1979 Divinum-
1752 1933 2070 1995 intelliguntur
2104 1936 2263 1984 omnia
2302 1950 2409 1985 vera
2496 1924 2502 1930 ¹

421 2015 526 2065 quae
544 2015 568 2046 a
587 2000 832 2053 Domino·,
868 1997 975 2045 inde
993 1997 1129 2046 etiam
1155 1996 1332 2059 Angeli
1366 1997 1414 2045 in
1430 1998 1592 2046 Verbo
1613 1998 1853 2062 aliquoties
1883 1999 2098 2048 dicuntur
2120 2000 2312 2049 Elohi‘m
2335 2000 2411 2051 seu

420 2066 511 2124 dii,
547 2082 608 2114 n:
635 2080 786 2127 4295,
820 2075 873 2112 ut
895 2079 1083 2128 quoque
1106 2064 1281 2127 patebit
1304 2079 1331 2110 a
1349 2062 1459 2112 locis
1475 2062 1590 2112 infra
1612 2079 1637 2110 e
1661 2065 2059 2113 Verbo-adductis.
2130 2066 2253 2130 Qua
2287 2082 2411 2117 nune

425 2132 487 2181 El
510 2132 560 2180 δι
580 2131 772 2178 Elohim
804 2133 851 2176 in
877 2128 1004 2177 sensu
1022 2129 1239 2191 supremo
1277 2128 1532 2190 significant
1556 2130 1825 2179 Dominum
1849 2131 2002 2194 quoad
2039 2131 2236 2187 Verum-,-
2267 2131 2409 2183 etiam

424 2196 680 2259 fignificant
700 2195 855 2259 Ipsum
879 2193 1032 2259 quoad
1058 2195 1339 2250 Potentiam,
1374 2210 1484 2242 nam
1506 2195 1687 2243 Verum
1709 2195 1791 2253 est,
1809 2241 1812 2245 ,
1829 2196 1886 2243 de
1908 2212 2000 2260 quo
2030 2195 2304 2260 praedicatur
2326 2211 2412 2261 po-

345 2270 347 2272 ’
421 2263 585 2321 tentia,
619 2262 798 2310 bonum
814 2262 939 2309 enirn
958 2276 1039 2323 per
1060 2276 1222 2308 verum
1239 2260 1350 2323 agit,
1385 2276 1496 2308 cum
1512 2260 1766 2324 potentiam
1784 2274 1977 2318 exercet,
1998 2279 2023 2308 n
2047 2279 2057 2308 ε
2081 2278 2203 2325 3091
2216 2300 2226 2311 .
2247 2277 2376 2324 4015
2391 2283 2411 2317 ς

424 2340 701 2394 quapropter
722 2328 802 2376 ubi
827 2328 873 2374 in
893 2327 1050 2374 Verbo
1071 2326 1220 2389 agitur
1242 2326 1299 2373 de
1326 2326 1534 2378 Potentia
1555 2341 1613 2373 ex
1635 2342 1759 2383 vero,
1784 2328 2017 2376 Dominus
2040 2328 2100 2375 El
2122 2343 2172 2376 ac
2192 2328 2410 2385 Elohim,

424 2398 500 2444 feu
524 2396 668 2452 DeuS,
705 2394 899 2447 dicitur;
935 2392 1041 2440 inde
1064 2408 1254 2456 quoque
1285 2391 1366 2448 est,
1400 2392 1528 2455 quod
1555 2393 1614 2440 El
1639 2392 1684 2439 in
1706 2394 1866 2455 lingua
1888 2394 2098 2456 originali
2120 2395 2254 2441 etiam
2274 2393 2413 2457 figni-

424 2461 534 2511 ficet
555 2461 813 2508 Potentem.
883 2458 1026 2519 Quod
1051 2458 1113 2507 El
1135 2460 1186 2507 δεῖ
1204 2458 1396 2505 Elohim
1420 2457 1494 2505 seu
1518 2459 1661 2513 DeuS,
1696 2459 1907 2507 dicantur
1931 2460 1977 2506 in
1994 2460 2166 2522 Verb0,
2202 2460 2281 2510 ubi
2313 2459 2411 2522 agi-

424 2541 499 2577 tur
525 2526 582 2574 de
615 2527 791 2576 Divino
814 2525 1064 2588 Spirituali,
1103 2525 1174 2572 seu
1205 2523 1331 2588 quod
1354 2523 1497 2580 idem,
1533 2524 1592 2572 de
1616 2524 1795 2573 Divino
1829 2526 1970 2583 Vero,
2006 2526 2056 2573 δε
2089 2526 2194 2575 inde
2239 2525 2412 2576 Divina

428 2594 660 2650 Potentia,
694 2591 893 2640 constare
913 2592 1061 2653 potest
1084 2591 1230 2638 adhuc
1263 2590 1319 2638 ab
1343 2589 1412 2636 his
1445 2589 1588 2645 locis3
1623 2591 1746 2653 apud
1771 2591 1937 2640 Mosen
1973 2600 2006 2622 “
2028 2591 2163 2640 Dixit
2194 2592 2322 2640 Deus
2352 2591 2412 2641 ΠΣ.-

430 2659 535 2707 raeli
561 2659 606 2706 in
625 2659 869 2706 visionibus
891 2657 1052 2714 noctis,
1087 2656 1194 2720 Ego
1217 2658 1340 2706 Deus
1357 2655 1527 2704 deorum
1560 2656 1645 2716 (El
1664 2657 1835 2719 Elohe)
1873 2658 2011 2721 patris
2024 2659 2105 2714 tui,
2142 2674 2232 2705 non
2248 2658 2409 2719 'timeajs

430 2741 456 2771 a
478 2724 787 2772 descendendo
810 2724 856 2771 in
880 2723 1162 2786 AEgyptum,
1195 2723 1305 2786 quia
1327 2725 1373 2769 in
1396 2735 1584 2786 gentem
1599 2738 1816 2786 magnam
1834 2740 2004 2788 ponam
2029 2738 2073 2771 te
2097 2723 2212 2781 ibi‚.'’
2236 2716 2405 2772 Genesi

432 2804 546 2838 Χινι
569 2806 579 2836 t
608 2806 651 2837 2.
679 2808 702 2852 3
730 2812 744 2846 3
780 2790 844 2837 ibi
861 2790 970 2854 quia
989 2789 1046 2836 ad
1063 2789 1307 2845 Israelem,
1326 2804 1466 2852 quem
1493 2801 1635 2852 ponet
1657 2791 1703 2836 in
1723 2803 1910 2854 gentem
1934 2807 2169 2854 magnam,
2205 2790 2254 2837 &
2270 2787 2327 2834 fic
2347 2787 2408 2834 de

434 2871 543 2902 vero
564 2857 612 2903 δε
636 2855 729 2918 ejus
749 2857 949 2919 potentia
973 2856 1136 2918 agitur,
1171 2855 1336 2903 dicitur
1357 2854 1415 2902 El
1433 2854 1595 2912 Elohe,
1631 2858 1755 2919 quod
1791 2856 1836 2903 in
1856 2857 1987 2905 sensu
2008 2855 2219 2920 proximo
2239 2853 2408 2914 fignifi-

431 2933 503 2969 cat
542 2922 708 2968 Deum·
727 2922 917 2970 deorum
939 2944 953 2977 ·,
988 2922 1115 2986 quod
1152 2921 1344 2969 Elohim
1380 2921 1427 2967 in
1471 2921 1595 2970 sensu
1633 2925 1848 2985 proximo
1890 2921 1985 2969 fint·
2017 2921 2112 2977 dii,
2154 2917 2259 2981 quia
2291 2934 2405 2980 prae·

436 2987 643 3034 dicantur
667 2988 723 3033 de
748 2989 862 3037 veris
884 2990 934 3036 &
958 2989 1064 3035 inde
1079 2989 1298 3052 potentia,
1332 2989 1472 3036 etiam
1508 3000 1632 3052 patet
1653 2990 1771 3041 apud
1801 2987 2035 3036 Eundem-v
2053 2991 2097 3015 “³
2117 2985 2188 3033 Ibi
2207 2984 2407 3032 aedifica-

435 3055 507 3100 vit
548 3053 695 3113 Jacob
736 3055 911 3108 Altare,
947 3056 997 3102 ὅτ
1020 3055 1206 3102 vocavit
1230 3055 1384 3102 locum
1425 3054 1718 3109 El-Beth-Eb,
1754 3052 1947 3117 quiaibi
1989 3050 2176 3102 revelati
2199 3050 2297 3098 sunt
2339 3050 2405 3097 illi

439 3118 631 3173 Elohim,
669 3118 713 3164 in
731 3118 952 3178 fugiendo
980 3121 1058 3166 illo
1077 3137 1227 3173 coram
1270 3116 1402 3166 fratre
1425 3119 1557 3174 suo‚''
1583 3119 1761 3164 Genes:
1797 3132 1958 3164 xxxv:
1982 3131 2007 3180 7
2032 3135 2041 3164 :
2078 3117 2127 3164 &
2150 3116 2254 3164 ali-bi
2289 3116 2411 3180 apud
2507 3116 2513 3123 ’

439 3183 657 3233 Eundem
694 3190 728 3213 “
752 3184 962 3248 Jehov-ah
987 3186 1112 3234 Deus
1134 3185 1296 3243 noster,
1321 3183 1421 3249 Ipse
1441 3185 1560 3239 Deus
1573 3183 1754 3250 deorum,
1778 3184 1828 3233 &
1847 3184 2078 3233 Dominus
2092 3183 2411 3297 dominorlgrn,

1472 3278 1482 3283 -
2341 3261 2413 3297 eus
