2742 3718
543 283 912 350 CAPUT
980 280 2030 370 QUADRAGESIMUM.
2183 300 2311 366 535

311 409 374 454 ris
384 405 534 468 furem
558 409 695 454 curris
722 422 813 454 cum
836 422 898 460 eo,
923 403 971 452 &
998 419 1105 451 cum
1130 403 1344 451 adulteris
1368 420 1470 469 pars
1499 418 1606 460 tua3
1642 420 1693 451 os
1717 416 1849 451 tuum
1874 404 2022 468 operis
2044 403 2098 451 ad
2125 402 2318 457 malum,

312 475 361 521 δε
388 475 543 537 lingua
568 486 644 520 tua
669 473 807 520 nec‘tis
841 471 1038 522 dolum”
1078 469 1251 518 Psalm:
1290 485 1347 518 ιε
1394 487 1464 520 17.
1510 476 1582 520 18.
1628 486 1718 536 ¹93
1756 470 1816 516 ibi
1852 471 1909 517 de
1945 472 2105 534 impio,
2142 485 2319 518 currere

316 557 425 588 cum
450 541 548 588 fure
573 556 656 604 pro
683 540 924 587 abalienare
949 555 973 584 a
998 537 1038 585 se
1064 553 1224 584 verum
1251 553 1332 601 per
1355 536 1530 585 falsum.
1603 539 1655 585 In
1692 537 1968 601 Apocalypsi
2007 543 2042 564 “
2068 539 2177 585 Non
2210 552 2318 600 ege-

318 621 424 655 runt
448 608 755 671 paenitentiam
781 619 836 652 ex
861 605 1117 652 homicidiis
1141 603 1246 662 suis,
1283 621 1427 667 neque
1461 621 1518 652 ex
1554 604 1925 652 incantationibus
1957 603 2059 661 suis,
2097 620 2240 665 neque
2263 618 2321 650 ex

319 673 665 722 scortationibus
700 673 803 728 suis,
840 688 966 736 neque
999 688 1048 719 ex
1069 671 1215 733 furtis
1238 673 1364 734 suis’'
1404 687 1482 720 ix:
1518 687 1611 727 213
1650 671 1898 718 homicidia
1933 687 2017 734 pro
2051 670 2179 717 malis
2214 686 2322 734 quae

320 741 558 788 destruunt
595 739 729 796 bona,
766 741 1085 786 incantationes
1109 754 1194 802 pro
1218 736 1334 785 falsis
1357 739 1461 786 inde
1484 755 1591 801 quae
1616 738 1850 784 destruunt
1878 753 1997 791 vera,
2035 736 2323 784 scortatiOnes

319 824 406 871 pro
430 805 682 854 falsificatis»
693 807 827 861 veris,
864 805 981 852 furta
1005 821 1090 868 pro
1111 805 1366 852 abalienatis
1391 805 1494 852 inde
1520 805 1666 852 bonis.
1740 805 1886 868 Apud
1913 805 2167 866 Johannem
2195 810 2228 830 “
2253 805 2325 849 A-

322 890 445 929 nien,
470 890 620 930 amen,
657 874 761 919 dico
785 871 933 927 vobis,
968 874 1049 935 qui
1075 888 1164 918 non
1190 871 1252 917 est
1278 872 1533 934 ingrediens
1557 888 1638 935 per
1654 869 1841 935 januam
1870 873 1914 917 in
1940 871 2114 918 caulam
2141 872 2324 926 ovium,

321 940 395 988 sed
421 940 616 987 ascendit
640 939 835 995 aliunde,
873 939 909 984 is
943 938 1007 984 est
1032 938 1119 1000 fur
1154 939 1200 986 &
1236 936 1383 992 latro;
1421 940 1501 1000 qui
1525 954 1634 985 vero
1657 938 1909 999 ingreditur
1931 953 2012 1001 per
2029 934 2208 1000 janum,
2245 953 2325 999 pa-

320 1007 412 1055 stor
434 1008 497 1055 est
520 1008 697 1054 ovium.
765 1005 873 1068 Ego
898 1004 994 1052 sum
1017 1003 1204 1060 ostium,
1243 1020 1321 1067 per
1346 1005 1430 1051 Me
1467 1004 1499 1050 si
1532 1005 1636 1068 quis
1672 1004 1942 1060 introiverit,
1981 1003 2237 1059 salvabitur,
2276 1001 2327 1051 δι’

322 1074 600 1138 ingredietur
625 1075 671 1120 &
697 1073 968 1136 egredietur,
1006 1072 1055 1119 ὅτ
1081 1070 1296 1134 pascuum
1320 1073 1517 1118 inveniet
1537 1096 1551 1126 -‚
1575 1070 1663 1132 sur
1697 1086 1777 1118 non
1810 1073 1931 1117 venit
1966 1071 2044 1129 ng'fi
2064 1082 2111 1118 ut
2126 1070 2327 1132 furetur,

324 1141 377 1188 δι
399 1141 566 1188 maaet
589 1141 638 1188 δε
663 1137 850 1203 perdat''
889 1153 948 1185 x:
982 1153 1019 1185 1.
1049 1154 1093 1185 2.
1124 1142 1167 1186 8.
1195 1156 1242 1201 9.
1277 1156 1350 1195 10,
1387 1136 1462 1184 fur
1496 1139 1568 1185 hic
1602 1139 1737 1184 etiam
1763 1153 1848 1201 pro
1873 1136 1994 1184 malo
2019 1138 2183 1193 meriti,
2220 1152 2328 1184 nam

325 1209 405 1270 qui
429 1206 570 1253 aufert
595 1205 805 1253 Domino
838 1219 946 1267 quae
970 1204 1112 1268 ipsius
1136 1204 1214 1259 est,
1251 1205 1299 1252 &
1338 1204 1412 1251 sibi
1449 1205 1652 1252 vindicat
1680 1203 1762 1251 ‘fur
1798 1205 1995 1260 dicitur,
2034 1206 2118 1251 hoc
2154 1204 2330 1251 malum

324 1274 433 1336 quia
456 1273 626 1319 claudit
649 1272 789 1327 viam,
827 1286 880 1318 ne
906 1271 1080 1318 bonum
1105 1272 1152 1318 &
1179 1287 1340 1319 verum
1366 1287 1390 1318 a
1413 1272 1622 1319 Domino
1646 1272 1819 1328 influat,
1858 1271 2027 1318 dicitur
2064 1272 2255 1318 mac‘tare
2279 1271 2331 1317 &

326 1340 546 1403 perdere:
585 1338 725 1385 simile
761 1353 841 1401 per
874 1354 955 1384 non
976 1338 1204 1399 furaberis
1226 1339 1272 1385 in
1296 1338 1537 1402 decalog0,
1573 1339 1812 1385 Deut:·v:
1851 1353 1927 1401 17,
1964 1338 2243 1401 significatur
2277 1353 2330 1384 n:

324 1420 473 1470 4174.
545 1406 620 1453 Ex
645 1405 711 1451 his
736 1402 936 1452 constare
959 1403 1125 1467 potest,
1149 1405 1275 1468 quod
1302 1420 1382 1469 per
1408 1406 1558 1468 Leges
1583 1404 1642 1451 de
1666 1405 1704 1452 F
1709 1405 1820 1451 ustis
1845 1404 1890 1450 in
1915 1403 2117 1452 Ecclesia
2140 1404 2335 1466 Judaica

325 1472 526 1529 latiS,‹·⁹in
552 1470 674 1518 sensu
699 1469 914 1534 spirituali
940 1469 1238 1534 significatur,
1272 1485 1331 1518 ut
1346 1472 1514 1519 Exod:
1541 1487 1629 1518 xxi
1651 1470 1770 1520 :·16.
1795 1472 1924 1535 Cap:
1951 1487 2035 1519 xx¹
2057 1490 2068 1518 z
2103 1487 2179 1535 37.
2205 1473 2333 1533 Cap:

332 1554 470 1587 xxii:
515 1555 555 1589 ι.
585 1555 627 1587 2.
665 1555 710 1601 3.
749 1538 900 1586 Deut:
926 1552 1076 1584 xxiv:
1117 1556 1177 1599 73
1214 1548 1374 1586 omnes
1405 1540 1527 1585 enim
1565 1537 1718 1601 Leges
1753 1537 1815 1584 ibi
1849 1554 1875 1584 e
1911 1538 2088 1585 mundo
2122 1537 2336 1601 spirituali

328 1608 435 1668 quia
458 1617 687 1653 traxerunt
711 1604 954 1667 originem,
992 1603 1345 1668 correspondent
1370 1605 1547 1667 legibus
1570 1605 1741 1652 ordinis
1766 1607 1944 1667 quae‘in
1967 1604 2107 1653 coelo.

404 1674 547 1735 5136.
585 1672 627 1719 E
651 1682 765 1718 terra
789 1671 1119 1728 Hebraeorum,
1156 1672 1280 1735 quod
1309 1671 1529 1738 significet
1553 1672 1608 1718 ab
1631 1671 1847 1727 Ecclesia,
1883 1672 2010 1735 quod
2048 1687 2213 1736 nempe
2237 1687 2336 1719 coe-

331 1740 456 1789 lestia
491 1738 733 1786 abalienata
770 1736 855 1785 sint
878 1753 957 1800 per
982 1737 1174 1794 malum,
1210 1737 1382 1786 constat
1418 1755 1442 1786 a
1480 1738 1804 1802 significatione
1839 1750 1971 1786 terrae
2007 1739 2340 1796 Hebraeorum,

333 1805 461 1872 quod
486 1806 537 1853 sit
562 1803 778 1861 Ecclesia,
815 1816 930 1852 terra
953 1804 1265 1853 Hebraeorum
1291 1805 1365 1853 hic
1385 1805 1449 1853 est
1472 1818 1589 1853 terra
1609 1805 1808 1863 Canaan,
1846 1821 1951 1852 nam
1988 1806 2092 1853 inde
2116 1806 2341 1871 Joseplius

396 1874 508 1922 latus
531 1870 610 1919 est.
680 1870 825 1932 Quod
865 1887 944 1935 per
979 1883 1143 1919 terram
1171 1872 1427 1920 Canaanem
1461 1873 1507 1919 in
1530 1871 1688 1920 Verbo
1724 1872 2003 1936 significetur
2027 1873 2242 1930 Ecclesia,
2277 1874 2344 1921 est

338 1942 444 2004 quia
479 1939 540 1986 ibi
564 1937 620 1985 ab
644 1939 950 2001 antiquissimo
974 1950 1182 2003 tempore
1207 1938 1350 1986 fuerat
1374 1939 1590 1995 Ecclesia,
1627 1939 1831 2003 primum
1868 1939 2069 1986 Ecclesia
2104 1940 2343 2003 Antiquis-

338 2008 452 2055 sima
475 2021 580 2069 quae
603 2004 691 2051 fuit
713 2017 813 2052 ante
837 2004 1084 2061 diluvium,
1120 2005 1176 2052 de
1201 2007 1247 2052 in
1270 2005 1470 2053 Ecclesia
1495 2007 1703 2068 Antiqua
1726 2021 1834 2068 quae
1857 2004 1944 2052 fuit
1969 2005 2068 2069 post
2093 2007 2342 2064 diluvium,

340 2072 492 2138 postea
514 2070 712 2119 Ecclesia
738 2073 944 2134 Antiqua
969 2071 1125 2118 Altera
1155 2088 1262 2135 quae
1298 2072 1497 2119 Ecclesia
1531 2072 1733 2120 Hebraea
1767 2085 1924 2119 vocata
1957 2072 2036 2130 est,
2073 2072 2121 2120 &
2157 2074 2344 2121 tandem

338 2139 537 2187 Ecclesia
578 2138 769 2199 Judaica
787 2159 816 2193 ;v
847 2151 989 2200 utque
1033 2138 1232 2186 Ecclesia
1269 2139 1461 2200 Judaica
1509 2138 1570 2186 ibi
1614 2138 1933 2196 institueretur,
1982 2140 2246 2187 mandatum
2282 2140 2347 2188 est

340 2206 549 2254 Abramo
576 2216 626 2250 ut
650 2204 839 2251 illucex
867 2205 992 2266 Syria
1026 2203 1330 2262 seconferret,
1365 2207 1422 2254 δε
1451 2206 1517 2254 ibi
1551 2206 1822 2269 promissum
1856 2206 1982 2269 quod
2020 2206 2266 2270 posteritati
2300 2225 2347 2255 e-

334 2269 412 2336 jus
434 2272 614 2319 daretur
650 2271 726 2317 illa
760 2282 874 2317 terra
909 2272 954 2318 in
990 2271 1330 2328 haereditatem;
1367 2272 1473 2320 inde
1507 2272 1570 2320 est
1605 2272 1728 2337 quod
1767 2289 1855 2336 per·
1880 2275 2071 2321 Terram
2108 2275 2154 2321 in
2191 2274 2348 2323 Verbo

342 2336 860 2401 significetunEcclefia,
885 2337 934 2384 ὅτ
960 2353 1040 2401 per
1062 2338 1315 2386 universam
1340 2352 1523 2396 terram,
1558 2353 1612 2386 ut
1635 2341 1791 2403 paffim
1817 2339 1999 2402 legitur,
2027 2341 2231 2388 universa
2253 2342 2348 2389 Ec·

343 2404 487 2460 clesia,
511 2405 559 2451 &
585 2418 775 2466 quoque·
796 2419 873 2467 per
899 2418 1073 2450 novum
1099 2405 1274 2467 coelum
1300 2406 1349 2452 ὅτ
1374 2421 1542 2453 novam
1563 2418 1726 2452 terram
1746 2405 1948 2453 Ecclesia
1971 2422 2089 2454 nova
2109 2407 2280 2455 interna
2297 2410 2348 2456 δε

343 2484 552 2520 externa:
589 2468 717 2516 causa
750 2469 877 2533 quod
913 2469 975 2516 ibi
1000 2469 1199 2518 Ecclesia
1234 2473 1494 2519 continuata
1526 2472 1582 2518 ab
1617 2472 1922 2536 antiquissimo
1956 2485 2163 2537 tempore
2196 2472 2350 2532 fuerit,

333 2551 452 2594 crat,
488 2538 593 2600 quia
618 2537 760 2583 homo
783 2536 1130 2599 Antiquiffimae
1153 2537 1387 2595 Ecclesiae,
1422 2540 1506 2602 qui·
1537 2538 1747 2595 coelestis,
1784 2539 1881 2586 talis
1909 2553 2020 2596 erat,
2058 2552 2108 2588 ut
2130 2542 2176 2587 in
2196 2543 2349 2589 omni-

344 2606 429 2652 bus
455 2606 503 2651 δε
530 2603 715 2666 sing'ulis
740 2618 846 2666 quae
869 2603 914 2650 in
941 2604 1117 2651 mundo
1139 2605 1188 2652 δε
1208 2601 1487 2668 superterra,
1511 2606 1677 2653 viderit
1696 2607 1748 2654 &·
1766 2606 2178 2670 repraesentativum
2198 2609 2352 2672 Regni

344 2671 556 2726 Domini,
581 2667 755 2732 objecta
779 2670 940 2717 mundi
964 2671 1013 2718 &
1038 2671 1354 2720 telluriseerant
1377 2675 1416 2720 ei
1444 2672 1592 2719 media
1615 2673 1847 2736 cogitandi
1871 2674 1928 2720 de
1945 2673 2222 2731 coelestibus,
2247 2676 2352 2724 inde

345 2740 500 2788 omnia
522 2735 877 2800 repraesentativa
902 2738 951 2785 δε
975 2737 1289 2800 significativa,
1326 2756 1432 2803 quae
1456 2739 1604 2803 postea
1626 2741 1670 2786 in
1697 2739 1895 2787 Ecclesia
1920 2744 2127 2804 Antiqua
2150 2753 2255 2790 nota
2278 2742 2354 2790 fu-

346 2818 495 2862 erunt,
530 2816 684 2851 ortum
719 2803 966 2861 duxerunt,
1002 2805 1340 2853 collectaenim
1377 2805 1564 2853 fuerunt
1597 2806 1651 2853 ab
1687 2806 2239 2870 illiquui=intelliguntur
2274 2825 2354 2873 per

348 2868 955 2926 Chanoch,s&.conservata
978 2873 1023 2918 in
1052 2872 1185 2919 usum
1215 2871 1547 2936 posteritatum,
1583 2889 1641 2921 n:
1670 2889 1785 2938 5¹9··
1810 2891 1918 2935 521.
1950 2877 2098 2938 2896,
2134 2875 2237 2924 inde
2262 2875 2355 2924 fac·

299 2991 304 2998 ,
349 2953 469 2995 tum,
504 2936 632 3001 quod
658 2935 835 2999 singula
856 2937 970 2994 loca,
1005 2938 1056 2985 ὅτ.
1091 2954 1276 3002 quoque
1306 2940 1471 3002 singuli
1496 2955 1674 2987 montes
1697 2941 1745 2986 ὅτ.
1772 2940 1901 2986 fluvii
1924 2941 1968 2986 in
1993 2954 2108 2987 terra
2131 2943 2354 3000 Canaane,

349 3006 435 3054 ubi.
453 3004 709 3060 habitabant
734 3004 1065 3067 Antiquissimi,
1093 3005 1442 3069 repraesentativi
1464 3004 1571 3052 facti
1595 3006 1696 3061 sint,
1733 3008 1781 3053 ὅτ
1806 3022 1989 3070 quoque
2011 3009 2169 3055 omnia
2191 3010 2355 3072 Regna

352 3071 674 3124 circumcirca;
712 3070 759 3117 &
799 3071 1134 3134 quiaVerbum
1172 3088 1263 3120 non
1288 3073 1440 3136 potuit
1459 3072 1584 3121 aliter
1607 3071 1854 3130 conscribi·,
1890 3089 2030 3137 quam
2067 3075 2354 3138 repraesenta-

352 3141 448 3186 tiva
471 3140 519 3185 δε
543 3136 856 3198 significativa,
890 3138 1024 3185 etiam
1050 3138 1276 3196 locorum,
1313 3140 1416 3186 ideo
1438 3151 1623 3202 propter
1648 3139 1778 3186 illum
1806 3139 1943 3188 finem
1970 3141 2166 3188 Ecclesia
2187 3141 2354 3188 succes-

354 3206 446 3252 sive
469 3202 727 3251 conservata
750 3203 815 3252 est
837 3205 883 3251 in
906 3217 1022 3252 terra
1046 3205 1282 3261 Canaane;
1318 3219 1362 3252 at
1387 3204 1489 3269 post
1510 3207 1760 3253 adventum
1785 3207 1980 3255 Domini
2013 3207 2191 3254 aliunde
2216 3209 2356 3255 tranf-

354 3272 440 3320 lata
462 3269 542 3328 est,
578 3269 687 3334 quia
703 3282 818 3320 vtunc
838 3270 1198 3336 repraesentativa
1219 3273 1391 3323 abolita
1409 3271 1539 3323 sunt:
1575 3289 1632 3321 ex
1654 3274 1721 3322 his
1744 3285 1887 3338 patet,
1925 3275 2052 3339 quod
2087 3287 2357 3338 per-terram

2081 3342 2120 3387 C
2125 3356 2379 3399 anaanem„
