2742 3718
579 215 957 322 CAPUT
1007 184 2094 318 ‘QUADR-AJG'EerUM.
2207 208 2340 314 ‘525

278 355 281 359 ’
340 350 479 404 Vers:
514 373 598 420 19:
637 355 708 402 illa
725 352 888 418 judieii
913 349 1111 399 formula
1134 361 1328 405 traxerat
1350 344 1577 413 originem
1611 348 1733 412 apud
1769 349 1980 412 antiquos
2004 350 2082 413 qui
2110 349 2155 396 in
2179 362 2348 410 reprae-

345 424 572 471 sentativis
604 421 803 477 suerunt,
838 436 863 466 a
903 417 1288 481 repraesentatione
1326 414 1512 465 illorum
1534 412 1632 479 >qui
1658 415 1800 462 vineti
1836 417 1879 461 in
1907 414 2189 463 carcere‘seu'
2216 415 2347 462 fovea
2384 452 2386 454 v

345 489 546 546 fuerunt,
572 506 650 554 per
673 502 787 551 quos
808 486 914 550 quia
937 482 1364 548 repraesentabantu'r
1386 480 1450 528 illi
1474 484 1553 546 qui
1579 483 1624 528 in
1645 480 1889 529 vastatione
1907 482 1984 528 sub
2003 496 2117 529 terra
2139 480 2347 528 inferiore

346 558 463 611 sunt,
492 573 548 603 n:
576 559 721 619 4728.
759 567 909 617 4744.
952 555 1100 614 5038,
1139 550 1240 596 ideo
1276 565 1355 613 per
1395 548 1607 599 extollere
1645 562 1780 612 caput
1820 547 2151 612 fignificabatur
2185 565 2347 596 eorum

345 624 566 678 liberatio,
601 622 831 668 elevantur
853 619 974 665 enim
998 630 1110 669 >tunc
1135 615 1208 663 seu
1231 615 1499 663 attolluntur
1521 632 1546 673 e
1569 614 1816 663 vastatione
1851 616 1906 662 ad
1944 615 2167 663 societates
2203 616 2345 662 coele-

346 689 486 744 lestes‚
525 689 730 735 videatur
753 703 811 734 n:
845 678 970 748 263&
996 695 1162 747 2701.
1189 678 1353 746 27043
1389 681 1536 730 attolli
1560 680 1632 730 seu
1655 683 1816 729 elevari
1857 681 1920 728 est
1943 683 2156 746 progredi
2194 682 2346 729 versus

348 758 572 812 interiora,
621 769 724 801 nam
773 753 1000 800 elevatum
1040 749 1113 797 seu
1156 749 1299 796 altum
1343 749 1617 812 praedicatur
1662 749 1719 796 de
1755 749 2058 803 interioribus,
2098 767 2124 796 n
2148 763 2158 792 ε
2196 751 2342 809 2148.

347 839 496 879 4210,
534 823 582 868 ὅτ
605 821 712 884 quia
736 818 886 866 versus
909 818 1132 872 interiora,
1169 816 1231 862 est
1254 816 1402 862 versus
1425 816 1619 872 coelurn,
1657 811 1761 862 nam
1798 815 1974 862 coelum
2011 815 2074 862 est
2106 817 2148 862 in
2191 816 2346 862 interi·

347 891 501 935 oribus
523 911 537 943 ·,
576 887 660 934 boc
687 885 1020 949 significabatur
1044 899 1121 946 per
1146 882 1346 929 attollere
1369 895 1506 945 caput
1530 904 1544 936 ·,
1579 895 1626 930 at
1662 898 1740 946 per
1782 882 1983 928 attollere
2012 895 2150 947 caput
2169 898 2192 928 e
2218 881 2346 944 super

343 956 564 1016 aliquem,
601 946 1148 1016 fignificabaturjudicari'
1170 949 1223 994 ad
1251 961 1465 1004 mortem,
1503 950 1610 1011 quia
1634 962 1743 995 tunc
1786 949 1847 994 illi
1884 950 1962 1011 qui
1998 948 2127 1011 supra
2165 948 2264 995 illos
2300 950 2345 994 in

349 1021 479 1068 fovea
505 1020 576 1067 seu
610 1019 865 1074 vastatione,
899 1015 1188 1063 elevabantur
1222 1014 1275 1060 ad
1319 1014 1511 1070 coelurn,
1550 1016 1601 1061 iis
1636 1015 1690 1061 ad
1733 1012 1942 1061 inferiora
1983 1015 2208 1068 demiffis;
2249 1015 2348 1061 baec

349 1087 546 1134 formula
561 1085 743 1151 judicii,
769 1085 875 1148 quia
898 1082 997 1130 haec
1021 1097 1101 1146 per
1126 1081 1248 1127 illam
1274 1080 1519 1144 significata
1543 1080 1660 1137 sunt,
1686 1081 1790 1128 ideo
1815 1094 1992 1144 recepta
2015 1081 2076 1127 est
2104 1083 2146 1127 in
2174 1082 2344 1128 Verbo.

350 1155 497 1212 Quod
538 1170 617 1217 per
647 1151 847 1200 attollere
881 1159 1042 1214 caput,
1078 1147 1353 1212 significetur
1377 1144 1661 1204 conclusum,
1700 1149 1798 1195 idea
1826 1160 1979 1211 patet;
2022 1149 2070 1194 δε
2095 1149 2202 1211 quia
2237 1165 2347 1195 con·

351 1220 545 1276 clusum,
584 1222 629 1266 in
667 1217 880 1282 supremo
902 1214 1026 1264 sensu
1050 1214 1346 1278 fignificaur‘
1366 1214 1621 1279 provisum,
1655 1215 1783 1279 quod
1823 1214 1947 1262 enim
1975 1216 2202 1262 Divinum
2237 1231 2348 1262 con—

351 1287 514 1343 cludit,
551 1284 637 1333 hoc
665 1285 887 1348 providet.
922 1299 925 1301 “
1699 1343 1702 1346 Δ

419 1369 511 1416 5¹2
520 1371 564 1416 5.
603 1353 666 1399 Et
690 1352 875 1399 reducet
898 1362 941 1397 te
965 1347 1093 1412 super
1116 1347 1350 1397 stationem
1377 1360 1520 1408 tuam,
1557 1347 1684 1411 quod
1722 1348 1946 1410 significet
1970 1348 2093 1412 quod
2137 1348 2210 1395 illa
2240 1365 2349 1413 quae

341 1420 452 1468 -sunt
474 1418 676 1467 sensualis
699 1419 815 1481 parti
839 1415 1121 1463 intellectuali
1159 1415 1358 1480 subjecti,
1395 1415 1707 1478 redigerentur
1747 1417 1791 1461 in
1831 1414 2056 1472 ordinem,
2095 1428 2145 1462 ut
2182 1417 2351 1463 ultimo

350 1490 453 1535 loco
479 1485 578 1542 fint,
615 1482 789 1532 constat
811 1499 869 1530 ex
895 1481 1278 1546 repraesentatione
1303 1484 1548 1546 pincernae,
1589 1481 1646 1528 de
1684 1497 1781 1546 quo
1818 1481 1917 1529 haec
1952 1482 2184 1538 dicuntur,
2221 1483 2350 1546 quod

352 1557 406 1602 fit
430 1551 621 1599 sensuale
646 1553 760 1614 parti
795 1548 1082 1597 intelleRuali
1117 1547 1385 1612 subjectum,
1421 1548 1478 1596 de
1502 1564 1592 1612 qua
1613 1565 1670 1596 n:
1699 1555 1845 1612 5077.
1874 1554 2021 1610 5082,
2060 1549 2251 1612 proinde
2276 1550 2350 1598 illa

352 1635 459 1684 quae
498 1618 598 1665 sunt
624 1616 827 1664 sensualis
866 1615 986 1663 illius
1010 1616 1054 1662 in
1078 1628 1267 1663 externo
1290 1615 1496 1671 naturali,
1531 1614 1677 1679 ipsum
1701 1616 1823 1662 enirn
1850 1613 2038 1662 sensuale
2062 1632 2151 1663 nori
2181 1617 2348 1680 redigi-

353 1702 426 1735 tur
452 1687 494 1733 in
521 1685 747 1740 ordinem,
783 1682 856 1731 sed
881 1681 955 1729 illa
977 1697 1084 1747 quae
1108 1698 1190 1746 per
1207 1681 1404 1730 'sensuale
1428 1683 1651 1729 intrarunt
1675 1682 1719 1729 in
1738 1676 2011 1746 phantasiam
2033 1683 2226 1730 hominis
2249 1706 2261 1739 ;
2299 1685 2349 1730 δε

351 1771 405 1801 ex
433 1751 754 1816 significatione
788 1749 999 1797 reducere
1034 1748 1165 1813 super
1189 1749 1442 1805 stationem,
1477 1749 1606 1812 quod
1628 1747 1699 1796 *fit
1723 1749 1995 1812 redigerein
2021 1748 2263 1804 ordidem;
2299 1752 2349 1797 δε

353 1822 459 1884 quia
482 1817 705 1874 sensualia,
744 1817 829 1864 hoc
852 1814 934 1872 est,
969 1815 1044 1863 illa
1069 1831 1174 1878 quae
1215 1833 1239 1863 e
1277 1816 1452 1863 mundo
1489 1831 1570 1879 per
1593 1815 1778 1863 sensoria
1802 1829 1980 1862 externa
2004 1817 2242 1872 intrarunt,
2281 1818 2350 1863 ul-

353 1890 470 1933 timo
494 1886 595 1933 loco
619 1884 736 1940 sunt,
773 1884 822 1930 δι’
842 1894 952 1929 tunc
976 1882 1143 1930 ultimo
1166 1883 1269 1930 loco
1287 1881 1388 1930 sunt
1411 1897 1522 1930 cum
1547 1882 1798 1930 ministrant
1822 1881 1892 1929 seu
1919 1882 2166 1930 inserviunt
2196 1885 2350 1930 interi-

353 1953 525 2008 oribus,
563 1952 733 1998 idcirco
757 1951 830 1997 illa
871 1949 1003 1996 fimul
1038 1949 1377 2013 significantur:
1405 1948 1623 2015 'sensualia
1664 1950 1736 2000 illa
1774 1949 1907 2013 apud
1934 1963 2212 2012 regeneratos
2250 1949 2352 1997 sunt

352 2035 537 2083 quoque
560 2017 731 2077 ultimo·
749 2017 868 2073 loco,
904 2014 978 2062 sed
1004 2017 1127 2079 apud
1163 2031 1254 2062 non
1293 2026 1572 2079 regeneratos
1605 2014 1704 2063 sunt
1729 2017 1882 2079 primo
1905 2017 2033 2073 loco,
2063 2017 2267 2064 videatur
2292 2034 2350 2064 n:

356 2105 441 2149 50;
460 2104 502 2149 7.
530 2091 624 2146 508
642 2097 676 2129 r.
703 2089 849 2146 5084.
873 2085 1018 2147 5089.
1047 2097 1207 2146 5094:
1244 2078 1357 2130 num
1381 2081 1587 2130 sensualia
1610 2081 1695 2129 fint
1731 2083 1882 2146 primo
1907 2082 2009 2128 loeo
2033 2083 2104 2129 vel
2130 2096 2240 2130 num
2269 2084 2353 2130 sint

352 2154 534 2213 ult-imo,
573 2148 628 2196 ab
662 2147 1008 2211 hominevfacile
1044 2148 1190 2213 potest
1232 2141 1550 2213 appereipi,·s1
1574 2150 1798 2204 attendit·,
1835 2149 1866 2204 fi
1892 2149 1959 2196 his
1984 2150 2175 2197 affirmat
2215 2150 2353 2197 om'ne

352 2220 477 2284 quod
503 2215 692 2264 sensuale
715 2215 867 2263 suadet
891 2226 968 2262 aut
991 2217 1179 2279 appetit,
1217 2231 1266 2262 ac
1292 2215 1492 2262 infirmat
1512 2231 1668 2263 omne
1709 2216 1833 2279 quod
1874 2215 2170 2263 intelleetuale
2195 2217 2351 2273 distat,

353 2299 463 2332 tunc
490 2283 695 2330 sensualia
717 2282 818 2329 sunt
845 2283 997 2345 primo
1018 2282 1138 2339 loco,
1162 2283 1209 2330 &
1230 2294 1339 2330 tunc
1362 2281 1504 2329 fertur
1527 2281 1669 2330 bomo
1694 2298 1772 2345 per
1795 2284 2037 2346 appetituS,
2065 2284 2110 2330 δι
2135 2282 2198 2330 est
2221 2301 2352 2347 pror-

354 2352 422 2397 sus
449 2349 649 2397 sensualis
665 2370 683 2404 ·,
721 2360 764 2394 at
788 2348 897 2394 talis
913 2348 1055 2395 homo
1080 2363 1242 2410 parum
1268 2348 1386 2395 abest
1409 2366 1434 2396 a
1450 2348 1562 2395 sorte
1585 2349 1849 2396 animalium
1871 2349 2212 2406 irrationalium,
2251 2347 2349 2411 haec

350 2419 472 2466 enim
499 2432 589 2462 non
612 2415 737 2462 aliter
760 2412 963 2460 feruntur
981 2435 997 2468 ς
1033 2413 1130 2460 imo
1155 2414 1199 2460 in
1240 2414 1457 2461 deteriore
1493 2413 1608 2461 sorte
1647 2414 1727 2468 est,
1750 2415 1796 2461 'fi
1827 2415 2026 2462 abutitur
2066 2417 2355 2464 intelleftuali

352 2484 563 2532 facultate
605 2481 676 2528 seu
714 2480 915 2528 rationali
951 2480 1007 2526 ad
1036 2479 1403 2528 confirmandum
1431 2479 1547 2527 mala
1570 2482 1616 2527 &
1643 2478 1763 2536 falsa,
1799 2497 1905 2543 quae
1930 2480 2135 2528 sensualia
2169 2481 2352 2530 suadent

353 2553 402 2598 &
428 2561 680 2614 appetunt3
717 2560 761 2594 at
786 2546 816 2594 fi
842 2562 931 2594 non
958 2546 1166 2603 affirmat,
1202 2547 1274 2594 sed
1311 2547 1369 2594 ab
1401 2542 1600 2593 interiori
1626 2547 1751 2594 videt
1791 2549 2065 2595 deviationes
2098 2535 2350 2610 'eorumssin

352 2617 454 2664 falsa
478 2618 525 2663 δι
550 2615 839 2662 excitationes
863 2613 917 2660 ad
942 2613 1074 2670 mala,
1111 2614 1160 2660 &
1184 2613 1331 2660 studet
1356 2613 1567 2677 castigare
1593 2614 1680 2670 illa,
1717 2614 1764 2660 δε
1791 2613 1848 2661 fic
1884 2615 2086 2678 redigere
2129 2616 2183 2661 ad
2222 2616 2350 2672 obse-

352 2682 533 2747 quium,
571 2682 656 2729 hoc
680 2680 759 2736 est,
796 2677 1006 2743 subjicere
1031 2682 1152 2748 parti·
1171 2673 1530 2728 intellectuali&
1551 2681 1836 2737 voluntariae,
1876 2697 1981 2744 quae
2007 2683 2105 2729 sunt
2129 2675 2347 2742 interioris

351 2750 568 2805 hominiS,
603 2760 712 2795 tunc
737 2747 1006 2810 rediguntur
1030 2746 1234 2794 sensualia
1259 2748 1302 2794 in
1328 2748 1554 2804 ordinem,
1571 2761 1632 2809 ‚ut
1657 2747 1740 2794 fint
1767 2748 1930 2795 ultimo
1956 2749 2084 2796 loco:
2125 2765 2230 2796 cum
2252 2749 2346 2798 sen-

351 2817 483 2863 sualia
519 2809 686 2862 ultimo
718 2813 822 2860 loco
857 2812 975 2870 sunt,
996 2816 1127 2869 -tunc'
1160 2814 1308 2861 influit
1348 2813 1456 2861 felix
1495 2804 1755 2869 &tbe’atum
1780 2815 1835 2869 ab
1860 2816 2056 2876 interiori
2081 2815 2265 2863 homine
2300 2818 2347 2864 in

291 2903 293 2905 ’
343 2881 550 2947 jucunda
574 2879 858 2936 sensualium,
894 2880 944 2940 &
968 2878 1074 2927 facit
1097 2878 1371 2944 utjucunda
1395 2881 1578 2928 illorum
1606 2881 1768 2928 millies
1790 2880 2232 2944 excedantjucunda
2253 2886 2346 2947 pri-

351 2966 464 3012 ora,
502 2947 629 3011 quod
666 2949 728 2993 ita
764 2945 835 3002 fit,
872 2945 1013 2993 homo
1036 2945 1238 2994 sensualis
1262 2948 1368 3011 quia
1401 2964 1492 2995 non
1528 2949 1649 3011 capit
1685 2963 1766 2994 nec
1792 2946 1964 3005 credit,
2001 2949 2050 2995 ὅτ
2089 2950 2196 3012 quia
2232 2951 2344 2996 'nihil

352 3015 472 3062 aliud
491 3012 753 3079 jucundum
780 3012 910 3059 sentit
934 3028 1016 3060 nec
1037 3013 1236 3078 superius
1258 3012 1514 3079 jucundum
1541 3015 1634 3062 dari
1659 3027 1804 3077 putat,
1831 3012 1998 3061 felix&
2015 3016 2198 3063 beatum
2223 3017 2346 3064 intus

353 3083 398 3128 in
416 3080 633 3194 jucffndis
656 3078 918 3130 sensualium
942 3078 1106 3144 speetat
1131 3092 1181 3128 ut
1205 3081 1350 3140 nihili,
1385 3081 1513 3145 quod
1536 3082 1752 3146 ignotum
1776 3079 1837 3127 est
1862 3081 2010 3143 alicui,
2035 3083 2121 3130 hoc
2146 3084 2344 3142 creditur

353 3163 444 3197 non
467 3162 490 3194 e
525 3162 566 3195 e.

2148 3321 2155 3327 .
2207 3240 2353 3347 51³2ss
