2742 3718
393 282 556 361 :221‘112
711 272 838 356 G
906 274 908 277 ’
976 227 1076 353 ἘΔ
1176 270 1270 352 N
1394 271 1463 352 Ε
1587 273 1658 350 S
1719 276 1831 360 Ῑ
1954 282 2022 369 Β·

417 421 534 468 toria
552 421 625 468 seu
647 417 958 469 Tabernacula
982 413 1222 471 habebant,
1241 414 1298 462 &²
1315 412 1360 460 in
1385 411 1471 461 illis
1487 413 1663 461 cultum
1686 414 2000 475 Divinum,'&
2018 407 2159 468 illum·
2176 420 2395 484 sanciumg

414 491 524 551 quia
549 486 738 534 tentoria
762 484 835 530 seu
867 479 1149 529 tabernacula
1171 479 1482 541 significabant
1505 479 1709 527 sanctum
1734 484 1903 530 amoris
1932 485 1982 532 &
2017 487 2160 534 cultus
2178 504 2235 536 n:
2271 507 2388 549 414,

425 571 566 601 1102.
597 566 740 609 2145.
782 563 925 608 2152.
970 563 1132 611 33:23
1169 545 1229 592 ita
1263 545 1309 592 in
1346 543 1743 594 innumerabilibus
1781 548 1916 597 aliiszss
1939 549 1985 596 in
2006 551 2389 613 Repraestntativo

416 619 644 669 Ecclesiae,
669 614 857 677 quidem
885 613 928 659 in
953 611 1177 675 principio
1201 611 1400 659 similiter
1418 610 1505 666 fuit
1522 611 1665 659 cultus
1687 613 1887 667 Divinus
1901 615 2032 678 super
2053 618 2300 675 montibus,
2337 625 2389 670 &

414 699 598 747 quoque
616 683 661 729 in
687 681 814 736 lucis,
850 690 949 726 turn
971 682 1262 742 quoqueverat
1284 676 1480 739 aspectus
1498 677 1648 724 versus
1661 679 1886 728 ‘orientem
1910 681 2028 739 solis,
2062 694 2116 730 ut
2139 683 2390 734 &intuitio

415 751 461 795 in
486 750 658 803 lunam,
694 747 757 792 &⁴
782 745 840 793 ad
864 743 990 809 astra,
1025 741 1188 806 pariter
1223 741 1367 789 cultus
1391 743 1438 788 in
1462 742 1664 789 tentoriis
1688 743 1762 791 seu
1786 747 2092 805 tabernaculis,
2127 760 2171 796 at
2205 751 2313 814 quia
2342 752 2391 802 in

408 815 538 861 cultu
556 824 743 862 eXterno
760 818 885 858 erant'
901 809 1065 873 absque
1085 809 1273 864 interno,
1293 807 1385 855 'seu
1409 808 1455 854 in
1475 823 1629 855 amore
1649 816 1867 874 cerporeo
1885 815 1935 862 &
1954 816 2186 862 mundans)
2203 832 2293 864 non
2314 833 2391 865 au-

416 893 508 927 tem
533 884 579 928 in
597 892 750 927 amore
766 875 937 923 coelesti
961 877 1009 923 &
1033 873 1265 939 spirituali,
1300 875 1350 921 δε
1372 874 1432 921 fic
1446 873 1566 937 ipsos
1592 876 1767 924 'montes
1801 879 1851 926 &r
1880 879 2003 928 lucos
2034 882 2250 936 colerent,
2285 895 2386 931 tum

412 962 595 1010 quoque
625 944 782 1000 solem,
818 943 989 997 lunam,
1024 942 1074 988 δε
1101 940 1225 995 astra,
1261 952 1311 987 ut
1333 940 1383 987 δε
1407 939 1481 987 sua
1506 942 1692 988 tentoria
1715 943 1788 990 seu
1806 945 2104 1003 tabernacula,
2128 949 2178 995 δε
2202 947 2306 995 inde
2329 950 2388 996 ri-

410 1013 550 1060 tualia
583 1012 676 1067 illa,
709 1026 816 1073 quae
850 1008 901 1055 in'
933 1006 1129 1054 Ecclesia
1162 1005 1374 1069 Antiqua
1409 1003 1593 1053 fuerunt
1634 1007 1797 1065 saneta,
1857 1011 2135 1060 idololatrica
2169 1013 2414 1072 fecerunt,⁸

397 1078 521 1125 'ideo
543 1076 919 1139 restringebantur
951 1073 1007 1119 ad
1028 1086 1291 1127 commune,
1327 1076 1490 1134 nempe
1521 1072 1594 1130 ad
1613 1085 1817 1122 montem
1849 1077 1929 1124 ubi
1954 1077 2293 1141 Hierosolyma,
2330 1082 2380 1128 δε

403 1144 598 1192 “tandem
621 1143 700 1191 ubi
735 1140 874 1200 Zion,
907 1138 1056 1202 adque
1094 1138 1316 1188 orientem
1355 1138 1458 1186 solis
1490 1137 1668 1188 inde&
1689 1156 1715 1188 e
1736 1143 1930 1206 templo,
1966 1155 2063 1191 tum
2102 1159 2286 1208 quoque
2327 1147 2389 1193 ad

414 1210 666 1258 tentorium
690 1222 955 1262 commune,
989 1204 1113 1268 quod
1154 1203 1399 1251 tentorium
1439 1218 1690 1253 conventus
1728 1209 1992 1266 vocabatur,
2029 1211 2080 1257 ὅτ
2106 1211 2306 1274 denique
2329 1213 2390 1259 ad

415 1279 587 1325 Arcam
606 1276 648 1322 in
673 1272 874 1336 templo;
908 1273 958 1319 &
981 1271 1080 1318 haec
1102 1269 1164 1317 ob
1195 1269 1387 1326 causam,
1423 1282 1476 1317 ut
1498 1271 1913 1334 repraesentativum
1937 1275 2148 1324 Ecclefiae
2186 1276 2391 1325 existeret

411 1359 523 1391 cum
555 1343 601 1389 in
634 1340 785 1388 sancto
809 1349 994 1385 externo
1014 1336 1169 1392 essent,
1203 1335 1404 1399 alioquin
1429 1334 1574 1383 saneta
1595 1339 2014 1402 prophanaviffent:
2052 1342 2157 1390 inde
2190 1342 2389 1390 constare

413 1408 580 1473 potest,
615 1405 850 1470 quodnam
873 1402 1111 1450 discrimen
1136 1401 1199 1448 est
1222 1400 1337 1448 inter
1360 1400 1610 1449 Ecclesiam
1646 1405 2069 1468 repraesentativam‚
2105 1410 2154 1456 δε
2178 1407 2392 1456 Ecclefiae

413 1471 864 1536 repraesentativum3
900 1471 947 1515 in
982 1483 1162 1530 genere,
1197 1466 1324 1530 quod
1358 1467 1439 1530 qui
1474 1468 1533 1514 ab
1568 1468 1768 1517 Ecclesia
1805 1473 2165 1536 repraesentativa
2187 1473 2414 1532 fuerunt„

409 1538 798 1590 communicarent
836 1550 942 1581 cum
967 1534 1106 1581 tribus
1139 1535 1267 1580 coelis
1300 1533 1453 1596 quoad
1478 1532 1702 1591 interiora,
1736 1538 1902 1598 quibus
1925 1554 2010 1602 pro
2035 1540 2174 1602 plano
2208 1540 2391 1587 inservi-

396 1618 511 1662 xrent
544 1615 758 1662 externa3
793 1611 838 1647 at
861 1599 941 1663 qui
965 1602 1010 1646 in
1045 1598 1260 1646 Ecclefiae
1300 1597 1679 1661 repraesentativo,
1716 1617 1808 1648 non
1847 1605 2239 1652 communicarent
2276 1621 2387 1654 curn

409 1671 518 1719 coeli
549 1668 701 1733 quoad
727 1665 951 1719 interiora,
987 1664 1058 1712 sed
1077 1663 1216 1726 usque
1246 1674 1444 1718 externa,
1484 1663 1529 1709 in
1552 1664 1717 1729 quibus
1734 1667 2016 1724 tenebantur,
2051 1670 2228 1732 possent
2251 1669 2390 1718 inser-

410 1738 507 1784 vire
541 1750 623 1799 pro
661 1733 814 1797 plano,
850 1732 899 1778 &
932 1730 1019 1777 hoc
1053 1727 1314 1776 miraculose
1350 1743 1407 1775 ex
1429 1728 1622 1776 Domini
1666 1731 1975 1791 Providentia,
2011 1734 2076 1782 ob
2110 1735 2302 1792 causam,
2339 1738 2392 1785 ut

410 1798 834 1850 communicationis
855 1795 1027 1860 aliquid
1044 1794 1247 1842 existeret
1271 1793 1384 1841 inter
1404 1794 1653 1843 coelum'&
1668 1797 1906 1847 huminem
1930 1803 2011 1863 per
2030 1801 2213 1864 aliquod
2253 1801 2391 1850 instar

413 1866 645 1920 Ecclefiae,
672 1879 777 1910 nam
799 1862 964 1924 absque
986 1861 1402 1908 communicatione
1423 1860 1531 1906 coeli
1552 1876 1660 1909 cum
1675 1863 1862 1911 homine
1885 1881 1966 1929 per
1988 1867 2162 1930 aliquid
2178 1866 2393 1915 Ecclefiae

412 1935 592 1997 periret,
627 1930 781 1977 Genus
813 1926 1202 1990 correspondentia
1225 1926 1522 1982 internorum,
1558 1925 1613 1973 fit
1634 1943 1727 1975 non
1751 1930 1903 1993 paucis
1941 1930 2032 1978 dici
2054 1932 2220 1997 potest,
2256 1933 2302 1980 in
2328 1933 2391 1982 se-

342 2029 345 2033 *
411 1998 674 2062 quentibUS‚
709 2010 766 2041 ex
791 1993 966 2041 Divina
985 1991 1180 2040 Domini
1203 1990 1531 2048 Misericordia,
1565 1991 1825 2043 dicendum.
2211 2020 2218 2023 ·
2387 1992 2393 1997 ’

478 2067 626 2125 4289.
664 2059 801 2125 Qod
826 2074 907 2122 per
931 2059 1062 2106 mitte
1080 2074 1155 2105 me
1172 2058 1280 2121 quia
1296 2056 1488 2105 ascendit
1510 2073 1681 2117 aurora,
1706 2060 1981 2123 significetur
1998 2063 2122 2126 quod
2148 2065 2393 2126 repraesen-‘

409 2132 627 2185 tativum,
662 2139 905 2189 antequam
929 2122 1132 2171 venirent
1156 2124 1200 2170 in
1225 2135 1353 2169 terrae
1377 2123 1593 2170 Canaanis
1615 2127 1994 2188 repraesentativa,
2019 2146 2044 2175 a
2063 2129 2222 2190 Jacobi
2240 2121 2391 2193 poste-

413 2196 472 2244 ris
494 2193 750 2247 discederet,
783 2190 981 2237 constare
1005 2189 1153 2252 potest
1170 2204 1226 2235 ex
1248 2187 1356 2234 serie
1379 2203 1526 2235 rerum
1552 2188 1597 2235 in
1617 2189 1740 2238 sensu
1765 2192 1940 2241 interno
1964 2193 2192 2252 historico,
2228 2195 2274 2241 in
2294 2211 2390 2259 quo

411 2261 470 2307 de
494 2259 654 2323 Jacobi
678 2256 860 2321 posteris
882 2255 1054 2318 agitur:
1090 2254 1222 2302 status
1245 2268 1404 2300 eorum
1429 2254 1580 2318 quoad
1600 2253 1673 2303 illa
1694 2272 1800 2319 quae
1823 2261 1924 2306 sunt
1948 2259 2178 2316 Eccleliae,
2212 2261 2258 2308 in
2275 2261 2392 2309 Ver-

413 2327 475 2373 bo
510 2325 648 2373 etiam
682 2323 939 2370 describitur
964 2336 1044 2389 per
1059 2320 1310 2383 vesperam,
1345 2334 1428 2383 per
1449 2319 1649 2380 noctem,
1685 2323 1736 2370 δε
1757 2339 1841 2388 per
1878 2341 2010 2373 mane
2043 2324 2116 2373 seu
2154 2341 2382 2385 auroram,

410 2394 463 2440 &
498 2407 577 2454 per
608 2389 738 2443 hanc,
773 2404 880 2434 cum
915 2398 1132 2434 venerunt
1166 2387 1211 2433 in
1237 2398 1403 2432 terram
1426 2386 1695 2446 Canaanem,
1732 2390 1924 2452 proinde
1958 2391 2004 2438 in
2030 2391 2390 2453 Repraesentati-
2451 2429 2454 2432 >

412 2474 527 2505 vum
552 2455 760 2503 Ecclefiae
784 2454 860 2501 ibi.
930 2452 1053 2500 Cum
1075 2452 1143 2499 his
1167 2451 1227 2500 ita
1250 2450 1292 2500 se
1331 2451 1482 2509 habet,
1530 2453 1977 2516 Repraesentativum
2012 2457 2223 2504 Ecclesiae
2266 2458 2391 2521 apud

411 2525 511 2572 illos
536 2538 625 2569 non
647 2521 770 2584 prius
789 2519 957 2567 institui
987 2518 1164 2581 potuit,⁴
1189 2534 1326 2583 quam
1350 2533 1453 2565 cum
1479 2518 1655 2581 prorsus
1677 2520 1835 2568 vastati
1864 2522 2030 2579 effent,'
2058 2523 2146 2571 hoc
2168 2522 2247 2579 est,
2281 2539 2390 2572 cum

412 2589 532 2635 nulla
557 2588 636 2634 illis
660 2585 864 2648 cognitio
887 2587 1185 2641 internorum,
1221 2585 1253 2631 fi
1276 2583 1399 2631 enirn
1419 2584 1505 2631 illis
1538 2585 1741 2648 cognitio
1774 2588 2049 2635 internorum
2070 2587 2221 2636 fuifl‘et
2253 2601 2390 2652 potu-

410 2655 541 2702 issent
573 2652 686 2700 affici
718 2653 819 2707 illis,
858 2653 907 2698 &
931 2651 987 2697 fic
1011 2650 1406 2714 prophanavissent
1429 2650 1537 2704 illa·‚
1572 2652 1841 2714 prophanari
1875 2654 1998 2700 enirn
2020 2655 2202 2716 poffunt
2225 2653 2390 2711 saneta,

412 2720 500 2767 hoc
534 2720 613 2774 est,
650 2734 757 2765 vera
781 2719 828 2764 δε
849 2716 965 2763 bona
1005 2717 1192 2772 interna,
1227 2716 1285 2763 ab
1316 2715 1367 2761 iis
1384 2714 1464 2778 qui
1499 2716 1643 2764 sciunt
1682 2719 1732 2765 &
1758 2719 2006 2781 agnoscunt
2025 2719 2116 2776 illa,
2154 2721 2204 2766 δε
2237 2719 2387 2780 magis

410 2787 467 2832 ab
488 2787 555 2841 iis,
589 2783 669 2848 qui
684 2784 947 2832 ‘afficiuntur
967 2782 1069 2837 illis,
1106 2797 1195 2828 non
1216 2795 1367 2828 autem
1385 2783 1441 2826 ab
1463 2781 1516 2828 iis
1538 2783 1617 2845 qui
1637 2799 1726 2830 non
1751 2784 2024 2848 agnoscunt·,
2057 2785 2130 2831 sed
2149 2784 2387 2831 videantur

410 2867 517 2915 quae
540 2853 596 2898 de
621 2848 981 2912 ProphanatiOne
1006 2847 1272 2911 prius‘dic'ia
1312 2849 1361 2894 ὅτ
1384 2846 1552 2894 ostensa
1583 2849 1703 2906 sunt,
1738 2866 1906 2913 nempe
1945 2849 2065 2913 quod
2104 2848 2383 2911 prophanare

409 2930 578 2979 queant
619 2916 781 2971 sancta,
817 2914 898 2978 qui
923 2914 1062 2961 sciunt
1094 2915 1144 2961 δε
1178 2913 1426 2975 agnoscunt
1466 2913 1556 2968 illa,
1593 2930 1683 2962 non
1724 2928 1874 2962 autem
1912 2916 1990 2979 qui
2028 2927 2118 2960 non
2164 2912 2302 2960 sciunt
2332 2916 2382 2963 &

410 2982 675 3045 agnoscunt,
713 2998 772 3026 n:
801 2997 910 3042 593⁷,
944 2984 1082 3028 1008.
1115 2995 1252 3028 1020.
1285 2994 1425 3041 1059.
1453 2983 1597 3042 3398.
1633 2983 1776 3043 3898.
1846 2980 1988 3044 Qod
2028 2978 2108 3041 qui
2142 2979 2253 3025 intra
2295 2980 2383 3027 Ec-

408 3049 602 3101 clesiam,
639 3046 914 3108 prophanare
939 3048 1103 3108 pOffint
1136 3045 1300 3100 sancta,
1337 3060 1428 3091 non
1468 3058 1622 3092 autem
1645 3046 1726 3108 qui
1749 3057 1890 3098 extra,
1930 3060 1982 3090 n:
2011 3059 2155 3103 2051.
2237 3046 2382 3109 Qod

409 3112 513 3160 ideo
538 3112 816 3159 detineantur
838 3123 1061 3172 quantum
1086 3111 1288 3173 poffibile
1311 3110 1367 3156 ab
1389 3110 1622 3171 agnitione
1645 3113 1694 3157 δε
1718 3109 1823 3156 fidei
1857 3108 1962 3155 boni
1986 3109 2035 3155 δε
2060 3109 2152 3155 veri
2177 3113 2258 3173 qui
2283 3127 2376 3158 non

409 3193 668 3242 permanere
711 3176 755 3222 in
795 3175 877 3221 illis
901 3177 1080 3238 poffunt
1103 3193 1160 3222 n:
1187 3179 1331 3238 3398.
1358 3190 1503 3236 3402.
1574 3174 1806 3237 Qlodque
1826 3185 2057 3221 teneantur
2095 3177 2142 3220 in
2177 3176 2384 3240 ignoran-

364 3306 368 3311 .
406 3246 470 3293 tia
493 3261 547 3292 ne
571 3241 868 3311 proplianent,
893 3256 943 3288 n:
969 3258 1078 3305 301.
1102 3255 1212 3305 302.
1240 3257 1352 3304 303.
1423 3238 1552 3301 Qid
1576 3239 1763 3305 periculi
1790 3256 1812 3287 a
1836 3240 2190 3305 prophanatione
2213 3242 2383 3290 saneto-

499 3323 516 3330 ‘·
2258 3323 2383 3368 mm,
2420 3358 2425 3362 ,
