2690 3692
589 163 921 261 CAPUT
950 256 952 258 ,
979 185 1648 256 TRIGESIMUM
1697 182 2150 257 PRIMUM.
2277 207 2358 277 513

382 317 437 366 δε
458 331 581 373 vera,
615 331 724 381 quae
747 315 921 364 Divina
951 314 1093 371 fecit,
1128 316 1281 379 ipsum
1299 318 1425 364 enim
1464 318 1696 366 Divinum
1734 316 1903 365 nullius
1941 316 2139 380 indiget,
2175 332 2232 364 ne
2263 318 2368 380 qui<-

381 383 494 430 de-tn
528 384 635 429 boni
661 382 783 429 illius
807 382 966 439 medii,
1000 381 1083 429 nisi
1106 383 1300 430 voluerit
1335 396 1388 430 ut
1409 386 1565 430 omnia
1602 384 1848 435 secundum
1871 384 2082 431 ordinem
2105 382 2276 430 fierent.

451 448 600 506 4066.
626 447 692 495 Et
714 447 833 494 vidit
844 447 990 508 Jacob
1004 445 1137 494 facies
1153 447 1368 503 LabaniS,
1391 448 1516 511 quod
1533 448 1754 509 significet
1767 448 1900 495 status
1917 449 2220 495 mutationem
2242 444 2366 510 apud

384 513 565 562 bonurn
587 514 719 570 illud,
740 528 850 561 cum
870 512 1094 560 recederet
1117 512 1290 560 bonum
1316 529 1396 575 per
1409 512 1556 574 Jacob
1581 513 1885 571 intelleflum,
1919 513 2092 561 constat
2108 528 2167 560 ex
2203 527 2366 574 ieprae·

384 578 632 628 sentatione
655 578 836 639 Jacobi‚
871 577 999 641 quod
1023 577 1079 631 fit
1099 578 1278 625 bonum
1313 578 1559 634 NaturaliS,
1594 579 1644 625 &
1682 594 1708 624 a
1739 578 2125 640 repraesentatione
2147 579 2365 635 Labanis,

383 645 514 709 quod
550 644 603 691 fit
634 644 813 691 bonum
836 643 1064 704 medium,
1099 643 1156 689 de
1180 644 1349 707 quibus
1373 644 1536 707 saepius
1558 643 1684 706 prius
1701 664 1718 698 ς
1752 644 1803 691 ὅτ
1839 659 1865 689 a
1887 643 2212 706 significatione
2234 643 2368 692 facie-

383 726 507 766 rum,
539 709 666 773 quod
699 709 787 756 fint
821 708 1046 763 interiora,
1086 708 1145 755 de
1178 724 1270 772 qua
1305 726 1362 756 n:
1390 713 1502 772 358.
1550 724 1691 771 1999.
1740 724 1886 771 2434.
1916 725 2060 771 35²7·
2102 724 2248 773 3573,
2290 709 2367 762 hic

386 776 662 823 mutationes
684 774 973 829 interiorum,
1009 773 1086 820 seu
1102 775 1229 836 quod
1248 774 1390 830 idem,
1425 775 1697 821 mutationes
1719 772 1889 827 status3
1924 776 2089 821 dicitur
2123 777 2267 831 enim,
2289 775 2364 821 vi-

384 839 457 887 dit
480 839 611 888 facies
640 837 735 902 ejus
756 840 808 886 &
831 854 932 885 ecce
966 839 1222 886 nullatenus
1261 839 1296 886 is
1319 855 1430 887 curn
1468 854 1525 885 eo
1548 838 1658 886 ficut
1682 839 1777 885 heri
1817 839 1985 886 nudius
2010 839 2185 895 tertiuS,
2220 839 2365 888 Causa

420 906 511 953 uod
536 905 747 952 interiora
770 919 851 966 per
873 902 1000 951 facies
1024 903 1239 952 in‘Verbo
1259 904 1571 967 significentur
1608 904 1672 951 est
1711 905 1819 967 quia
1841 905 2054 951 interiora
2088 907 2268 953 elucent
2306 922 2366 952 ex

407 970 518 1026 acie,
551 971 602 1018 &
626 972 668 1017 se
689 968 848 1017 sistunt
870 969 916 1015 in
942 967 1074 1025 facie,
1111 968 1222 1017 ficut
1253 970 1299 1017 in
1340 970 1525 1033 speculo
1546 982 1624 1017 aut
1658 971 1703 1016 in
1735 970 1952 1031 imagine,
1986 970 2091 1016 inde
2123 968 2255 1019 facies
2287 971 2371 1019 seu*

382 1035 540 1083 vultus
577 1035 830 1098 significant
851 1034 983 1090 status
1003 1034 1360 1095 cogitationum,
1396 1036 1447 1083 δε
1470 1035 1605 1082 status
1628 1035 1940 1082 affectionum.

338 1122 347 1128 ·
374 1147 377 1150 ⁴
451 1101 598 1165 4067.
632 1099 696 1147 Et
718 1115 822 1147 ecce
845 1099 1097 1148 nullatenus
1120 1099 1156 1146 is
1178 1116 1287 1149 cum
1309 1116 1366 1147 eo
1388 1101 1498 1149 ficut
1530 1101 1627 1148 heri
1652 1099 1813 1148 nudius
1837 1100 2008 1157 tertius,
2043 1100 2170 1164 quod
2193 1097 2366 1160 fignifi-

383 1178 459 1215 cet
481 1166 646 1214 statum
664 1166 844 1231 prorsus
861 1178 1086 1213 mutatum
1111 1181 1218 1227 erga
1242 1168 1418 1214 bonum
1440 1166 1677 1229 perJacob
1696 1166 2020 1227 significatum,
2042 1183 2068 1213 a
2091 1181 2188 1229 quo
2210 1177 2365 1212 tamen

387 1232 509 1281 nibil
527 1231 813 1287 desumtum,
847 1232 962 1295 quin
985 1231 1173 1279 haberet
1210 1231 1287 1279 sua
1310 1232 1424 1279 ficut
1467 1234 1611 1295 prius,
1647 1246 1812 1294 praeter
1848 1232 2014 1280 statum
2063 1231 2215 1295 quoad
2261 1245 2368 1277 con·

377 1294 684 1362 junctionem,
717 1295 916 1344 constare
958 1296 1105 1359 potest
1148 1313 1207 1344 ex
1233 1313 1310 1354 eo,
1350 1299 1480 1361 quod
1524 1297 1779 1344 nullatenus
1816 1299 1854 1344 is
1884 1313 1992 1345 curn
2027 1311 2083 1343 eo
2113 1296 2226 1344 sicut
2263 1295 2362 1342 heri

384 1365 557 1412 nudius
612 1363 788 1419 tertius,
837 1362 894 1410 fit
936 1363 1074 1411 status
1115 1361 1296 1425 prorsus
1335 1374 1536 1410 mutatus
1581 1378 1686 1426 erga
1717 1363 1967 1424 Jacobum,
2009 1362 2096 1409 hoc
2140 1362 2221 1415 est,
2258 1377 2365 1424 erga

373 1429 561 1488 ‚bonum
596 1444 676 1493 per
695 1427 842 1489 Jacob
863 1428 1198 1490 significatum3
1233 1429 1284 1476 δε
1320 1443 1381 1476 ex
1417 1428 1504 1476 illis
1541 1444 1647 1492 quae
1684 1427 1967 1490 praecedunt,
2002 1427 2128 1492 quod
2163 1426 2368 1483 Labane,

382 1494 475 1543 hoc
507 1495 591 1552 est,
626 1510 651 1540 a
674 1495 798 1542 bono
820 1509 900 1557 per
922 1493 1155 1542 Labanem
1180 1493 1448 1557 significato,
1485 1495 1597 1542 nih11
1620 1493 1903 1551 desumtum,
1937 1494 2049 1557 quin
2084 1493 2267 1541 haberet
2290 1493 2368 1540 sua

383 1561 499 1608 sicut
522 1562 662 1624 prius·
727 1559 801 1608 Ut
821 1559 1249 1622 comprehendatur,
1284 1559 1527 1623 quomodo
1546 1575 1655 1606 cum
1678 1560 1810 1606 bonis
1839 1561 1890 1607 &
1910 1560 2028 1607 veris
2062 1558 2180 1622 apud
2215 1558 2369 1604 homi-

385 1641 496 1673 nem
535 1623 579 1671 se
618 1624 769 1679 habet,
803 1625 1096 1672 revelandum
1131 1623 1195 1670 est
1219 1627 1345 1688 quod
1386 1626 1468 1671 vix
1490 1625 1622 1671 alicui
1656 1638 1820 1671 notum
1855 1624 1952 1678 est;
2005 1624 2138 1671 scitur
2171 1623 2366 1687 quidem

387 1691 440 1739 ὅτ.
471 1688 746 1754 agnoscitur,
781 1688 907 1752 quod
929 1704 1067 1736 omne
1091 1691 1265 1736 bonum
1288 1691 1339 1737 δι
1361 1705 1501 1737 omne
1525 1705 1685 1737 verum
1709 1705 1734 1735 a
1758 1689 1989 1743 Domino3
2011 1690 2062 1736 &
2079 1704 2264 1753 quoque
2287 1704 2369 1750 ag-

374 1755 585 1810 ,noscitur
604 1769 631 1800 a
651 1754 943 1817 quibusdam,
975 1754 1102 1815 quod
1125 1755 1326 1801 influxus
1347 1755 1418 1810 fit,
1453 1754 1528 1801 sed
1554 1754 1651 1802 talis
1674 1767 1728 1802 ut
1745 1755 1888 1801 horno
1906 1771 1997 1801 non
2016 1755 2118 1801 sciat
2140 1775 2156 1808 ς
2191 1767 2236 1800 at
2256 1756 2368 1817 quia

374 1835 482 1868 -non
522 1819 671 1875 scitur,
728 1818 784 1864 ad
831 1818 1080 1866 minimum
1148 1834 1239 1865 non
1297 1818 1551 1880 agnoscitur
1594 1819 1745 1874 corde,
1802 1819 1931 1882 quod
1989 1820 2159 1866 circum
2217 1819 2369 1866 homi-

376 1901 499 1941 ¹nem
532 1884 617 1932 sint
656 1883 831 1946 spiritus
867 1884 919 1931 δι
961 1883 1127 1946 angeli,
1163 1884 1215 1930 δε
1252 1884 1382 1948 quod
1426 1886 1628 1932 internus
1668 1883 1810 1932 homo
1833 1884 1888 1931 fit
1925 1883 1972 1931 in
2009 1885 2163 1932 medio
2186 1899 2365 1940 eorum,

374 1951 521 2007 ·&s1c
543 1963 727 2011 regatur
748 1965 773 1996 a
796 1949 1024 2006 Domino,
1060 1965 1221 2012 parum
1260 1950 1303 1995 id
1340 1950 1538 1997 creditur
1560 1950 1738 1998 tametfi
1775 1949 1966 1997 dicitur:
2004 1952 2104 1998 sunt
2142 1950 2368 1997 societates

390 2016 736 2064 innumerabiles
775 2013 821 2060 in
845 2015 979 2062 altera
1001 2015 1112 2070 vita,
1147 2031 1256 2079 quae
1275 2015 1504 2078 dispofitae
1536 2017 1586 2063 δε
1625 2015 1845 2062 ordinatae
1877 2015 1979 2063 sunt
2011 2032 2038 2063 a
2063 2016 2272 2062 Domino
2306 2016 2369 2063 se-

386 2083 594 2130 cundum
631 2080 788 2128 omnia
838 2095 1006 2143 genera
1040 2081 1148 2128 boni
1191 2082 1241 2128 δε
1279 2082 1375 2128 veri
1409 2083 1458 2130 δε
1493 2082 1720 2128 societates
1753 2096 1863 2145 quae
1909 2081 1953 2128 in
1993 2081 2207 2145 opposito
2243 2080 2363 2138 sunt,

387 2148 636 2196 secundum
659 2146 812 2194 omnia
834 2163 1002 2209 genera
1024 2147 1131 2194 mali
1157 2147 1207 2194 δε
1231 2147 1357 2201 falsu
1391 2148 1532 2210 usque
1554 2147 1686 2204 adeo,
1720 2160 1772 2194 ut
1807 2163 1900 2194 non
1922 2147 2052 2195 detur
2073 2147 2259 2210 aliquod
2285 2163 2367 2209 ge-

374 2229 475 2271 ,nus
497 2215 602 2260 boni
628 2214 678 2260 &
701 2211 813 2267 veri,
848 2228 928 2260 nec
950 2213 1097 2276 aliqua
1121 2212 1287 2275 species
1309 2213 1426 2260 illius
1449 2213 1641 2274 generis,
1677 2229 1733 2260 ne
1768 2213 1960 2277 quidem
1984 2213 2135 2277 aliqua
2154 2212 2366 2261 differen-

389 2281 451 2327 tia
475 2278 692 2343 specifica,
727 2294 835 2342 quae
857 2294 948 2326 non
967 2279 1134 2326 habent
1157 2278 1386 2325 societates
1407 2279 1623 2342 angelicas
1646 2280 1772 2335 tales,
1806 2278 1882 2326 seu
1905 2279 2070 2343 quibus
2105 2295 2196 2326 non
2220 2294 2366 2326 corre-

387 2345 615 2408 spondent
652 2343 880 2391 societates
902 2344 1149 2406 angelicae3
1184 2345 1234 2392 δε
1255 2345 1467 2402 viciffim,
1502 2359 1554 2391 ut
1592 2362 1683 2391 non
1708 2345 1841 2391 detur
1864 2343 2047 2408 aliquod
2074 2360 2217 2408 genus
2259 2343 2365 2390 mali

388 2412 440 2458 δε
463 2409 577 2466 falfi,
612 2425 692 2456 nec
714 2410 866 2473 aliqua
888 2410 1050 2473 species
1074 2410 1191 2457 illius
1214 2413 1406 2472 generiS,
1443 2427 1498 2458 ne
1520 2411 1713 2474 quidem
1745 2410 1898 2474 aliqua
1936 2410 2191 2457 differentia
2225 2409 2366 2472 speci-

389 2476 493 2530 fica,
527 2476 694 2538 quibus
730 2491 821 2521 non
858 2475 1206 2537 correspondent
1237 2475 1463 2523 societates
1486 2476 1756 2530 diabolicae3
1791 2478 1838 2522 in
1879 2477 2040 2523 talium
2064 2476 2270 2522 societate
2301 2475 2366 2522 est

391 2540 699 2603 unusquisque
723 2540 866 2588 homo
887 2542 1013 2604 quod
1039 2542 1249 2588 interiora
1272 2541 1364 2597 sua,
1389 2542 1476 2589 hoc
1496 2541 1576 2596 est,
1599 2542 1750 2605 quoad
1768 2541 2082 2605 cogitatione-S,
2106 2541 2366 2588 affectiones

391 2606 569 2653 tametsi
595 2607 680 2662 hoc
701 2605 857 2663 nescit,
892 2622 1029 2653 omne
1045 2607 1173 2669 quod
1195 2606 1339 2654 homo
1359 2609 1528 2671 cogitat
1551 2609 1602 2655 ὅτ
1623 2606 1722 2653 vult
1743 2607 1808 2653 est
1828 2608 1951 2663 inde,
1986 2607 2123 2670 usque
2146 2607 2277 2662 ade0‚
2312 2619 2367 2653 ut

391 2672 426 2719 fi
448 2673 489 2717 ei
514 2670 738 2718 societates
770 2670 1005 2732 spirituum
1049 2673 1098 2719 δι
1139 2673 1420 2732 angelorum,
1456 2674 1501 2720 in
1525 2674 1688 2736 quibus
1710 2673 1790 2728 est,
1825 2672 2117 2728 auferrentur,
2153 2688 2370 2719 momen-

373 2749 443 2796 ‚to
475 2736 556 2783 illo
599 2735 760 2784 nullius
791 2737 1075 2799 cogitationis
1097 2738 1148 2784 &
1171 2738 1336 2785 nullius
1359 2739 1604 2786 voluntatis
1637 2739 1757 2792 esset,
1794 2739 1891 2784 imo
1927 2751 2163 2785 momento
2187 2737 2265 2784 illo
2287 2755 2363 2785 oc-

390 2802 622 2851 cumberet
651 2802 783 2864 plane
815 2813 1050 2856 mortuus3
1086 2803 1186 2850 talis
1207 2803 1270 2849 est
1289 2804 1420 2852 status
1443 2804 1657 2859 hominis,
1690 2803 1903 2866 quamvis
1942 2803 2019 2849 ille
2051 2804 2195 2851 credit
2233 2803 2362 2867 quod

389 2883 450 2915 ex
484 2866 626 2929 leipso
654 2868 813 2914 omnia
834 2867 1011 2922 habeat,
1046 2868 1096 2915 &
1117 2869 1245 2932 quod
1268 2884 1349 2915 nec
1376 2867 1604 2917 infernum
1629 2884 1710 2915 nec
1739 2869 1913 2915 coelum
1939 2868 2006 2926 fit,
2041 2882 2119 2917 aut
2142 2873 2268 2933 quod
2296 2871 2363 2916 in-

391 2932 568 2981 fernum
589 2933 642 2980 fit
665 2932 802 2993 longe
825 2935 1047 2981 remotum
1072 2934 1127 2979 ab
1151 2933 1244 2989 sslo,
1279 2935 1329 2980 &
1362 2951 1548 2998 quoque
1569 2934 1760 2982 coelum.
1827 2933 2007 2996 Insuper
2041 2935 2218 2983 bonurn
2240 2935 2364 3000 apud

372 2998 650 3056 ,hominenu
685 3010 866 3060 apparet
885 3000 927 3044 ei
954 2999 1063 3045 ficut
1098 2999 1290 3061 simplex
1329 2999 1564 3061 quoddam
1594 3012 1671 3046 aut
1703 2999 1814 3046 ficut
1843 3015 2003 3057 unum,
2039 3001 2111 3048 sed
2135 3001 2277 3064 usque
2299 3001 2364 3048 est

394 3074 490 3110 tam
515 3064 760 3124 multiplex
782 3065 832 3110 &
854 3063 1023 3110 constat
1058 3080 1115 3110 ex
1138 3077 1232 3111 tam
1254 3065 1406 3120 variis,
1442 3078 1494 3114 ut
1517 3065 1733 3128 nusquam
1758 3066 1988 3128 explorare
2012 3069 2164 3129 possit,
2207 3067 2363 3130 quoad

393 3127 542 3178 solum
564 3129 857 3186 communia,
886 3129 1091 3179 similiter
1112 3130 1157 3179 se
1178 3130 1315 3178 habet
1336 3145 1443 3180 cum
1467 3131 1586 3180 malo
1608 3129 1735 3195 apud
1751 3130 2017 3181 hominem:
2051 3133 2182 3196 quale
2205 3147 2361 3180 autem

2188 3198 2365 3246 bonum
