2742 3718
583 264 922 336 CAPUT
972 263 1650 337 TRIGESIMUM
1700 246 2156 344 PRIMUM.
2299 281 2392 350 47

401 399 508 448 vasa
530 400 616 447 fint
635 413 759 455 vera,
794 397 1003 445 videatur
1036 411 1100 444 n:
1138 396 1281 459 3068.
1317 410 1464 457 3079.
1495 395 1639 457 3316.
1668 399 1829 458 33183
1857 392 1971 443 inde
2009 395 2137 459 quod
2160 395 2278 443 *vasa
2314 395 2399 443 do·

406 482 512 516 mus
534 467 620 513 fint
644 480 748 511 vera
769 466 972 528 propria,
1008 476 1157 526 patet3
1191 461 1469 510 contrectare
1493 462 1570 507 illa
1590 462 1642 508 &
1660 477 1753 508 non
1785 461 1989 520 invenire
2026 461 2092 508 est
2122 463 2250 526 quod
2275 463 2399 509 nulla

406 533 503 596 ejus
525 531 724 588 fuiffent,
757 530 1083 594 consequenter
1106 529 1232 593 quod
1255 529 1416 576 omnia
1451 526 1586 574 data:
1621 527 1720 573 haec
1755 528 1996 591 quomodo
2032 527 2074 575 se
2110 528 2293 598 liabent,
2332 530 2401 574 vi-

408 602 569 648 deatur
593 615 651 645 n:
675 611 825 658 4151.
901 642 910 646 -

444 658 447 664 ’
476 665 625 726 4ι67.
662 663 790 711 Pone
813 661 903 709 huc
923 676 1079 710 coram
1102 659 1314 709 fratribus
1337 655 1451 707 meis
1473 660 1523 707 &
1541 658 1749 707 fratribus
1771 660 1880 715 tuis,
1913 661 1963 707 δε
1996 659 2250 724 dijudicent
2284 662 2403 708 inter

354 777 355 780 ,
408 734 571 778 ambos
589 744 688 785 nos,
727 728 856 792 quod
880 727 1104 789 significet
1137 728 1264 791 quod
1288 742 1346 774 ex
1377 724 1504 789 justo
1539 726 1590 773 δε
1620 740 1760 789 aequo
1799 725 1854 772 fit
1890 723 2118 787 judicium
2151 726 2324 775 constat
2345 742 2403 775 ex

409 795 736 858 significatione
762 795 970 848 fratrum,
1005 793 1133 856 quod
1156 794 1241 841 sint
1263 794 1401 848 bona,
1441 792 1500 837 de
1522 807 1615 854 qua
1638 807 1696 842 n:
1720 793 1864 853 2360.
1893 796 2039 855 3803.
2063 798 2207 855 3815.
2235 810 2356 851 412¹
2385 813 2402 846 ·,

409 861 542 927 quod
573 859 728 909 fratres
751 862 845 907 mei
869 861 920 906 &
944 860 1101 906 fratres
1125 858 1212 914 tui,
1245 859 1334 906 sint
1364 856 1545 922 justum
1563 859 1613 905 δε
1631 872 1827 919 equum,
1864 857 2097 921 sequitur3
2131 860 2257 922 quod
2286 856 2408 922 diju-

411 930 569 976 dicent
591 928 706 974 inter
728 927 890 974 ambos
914 941 1013 982 nOS,
1049 925 1102 972 fit
1115 923 1362 988 judicium,
1396 935 1538 986 patet.
1607 924 1752 986 Qod
1791 923 1943 971 fratres
1964 924 2058 972 mei
2091 925 2141 971 &
2162 925 2315 972 fratres
2338 926 2408 972 tui

412 995 502 1048 smt
512 991 690 1056 justum
711 993 762 1039 ὅτ
786 1008 998 1056 aequum,
1032 991 1139 1038 inde
1162 991 1243 1047 est,
1278 992 1387 1055 quia
1408 989 1562 1050 agitur
1598 989 1672 1036 hic
1694 989 1752 1036 de
1775 989 1991 1037 Naturali
2015 1011 2029 1044 ς
2078 990 2125 1037 in
2150 991 2339 1037 naturali
2362 1008 2409 1040 e-

412 1059 513 1112 nim
537 1058 584 1104 id
612 1059 794 1121 proprie
817 1071 1003 1107 vocatur
1018 1056 1197 1120 justum
1228 1059 1282 1105 &
1307 1071 1520 1120 aequum,
1553 1055 1680 1119 quod
1719 1055 1765 1102 in
1802 1053 2015 1119 spirituali
2040 1056 2208 1104 dicitur
2230 1059 2409 1106 bonum

413 1126 466 1173 δι
488 1140 681 1172 verum:
718 1123 820 1171 sunt
841 1125 966 1186 apud
999 1123 1238 1171 hominem
1264 1125 1369 1170 bina
1391 1121 1543 1185 plana,
1581 1122 1711 1186 super
1741 1123 1905 1186 quibus
1937 1122 2188 1170 fundantur
2209 1122 2412 1170 coelestia

411 1193 464 1240 ἃ
488 1189 749 1254 spiritualia,
770 1205 879 1253 quae
900 1208 926 1239 a
945 1190 1179 1244 Domino;
1203 1205 1350 1236 unum
1369 1188 1560 1251 planum
1582 1188 1645 1235 est
1664 1190 1872 1245 interius,
1889 1189 2082 1237 alterum
2101 1188 2165 1236 est
2181 1191 2377 1237 exterius
2394 1211 2410 1243 ;

381 1254 385 1257 ’
414 1256 512 1320 ipsa
532 1257 664 1320 plana
682 1272 774 1304 non
796 1257 923 1304 aliud
954 1256 1058 1304 sunt
1090 1271 1231 1320 quam
1267 1254 1570 1313 Conscientia,
1604 1254 1771 1318 absque
1803 1255 1967 1319 planis,
2001 1256 2090 1302 hoc
2128 1254 2209 1310 est,
2243 1255 2413 1317 absque

414 1321 722 1378 Conscientia,
765 1323 987 1386 nusquam
1026 1322 1203 1386 aliquid
1243 1320 1442 1368 Coeleste
1481 1322 1533 1369 δε
1569 1320 1817 1385 spirituale,
1854 1337 1962 1385 quae
1993 1337 2021 1368 a
2059 1321 2290 1378 Domino,
2325 1321 2411 1401 figi

415 1389 582 1454 potest,
618 1388 693 1435 sed
718 1389 939 1436 transfluit
961 1389 1075 1437 sicut
1108 1404 1227 1453 aqua
1259 1401 1342 1451 per
1369 1382 1591 1444 cribrum,
1635 1400 1914 1452 quapropter
1938 1387 2005 1435 illi
2043 1389 2124 1451 qui
2146 1387 2312 1452 absque
2335 1387 2413 1436 tali

415 1456 556 1519 plano
589 1455 706 1511 sunt,
741 1454 816 1502 seu
846 1454 1012 1519 absque
1047 1453 1353 1510 Conscientia,
1387 1469 1480 1500 non
1521 1452 1668 1500 sciunt
1711 1454 1828 1517 quid
1866 1454 2154 1510 conscientia,
2189 1453 2289 1501 imo
2328 1468 2414 1500 nee

413 1521 607 1569 credunt
627 1520 754 1584 quod
772 1522 825 1569 sit
847 1521 1034 1585 aliquod
1060 1520 1285 1584 spirituale
1306 1535 1358 1566 ac
1379 1518 1587 1567 coeleste:
1623 1519 1815 1583 planum
1840 1520 2026 1568 interius
2049 1519 2124 1567 seu
2146 1520 2414 1567 conscientia

419 1587 622 1643 interior,
657 1586 721 1634 est
746 1587 825 1635 ubi
850 1588 1027 1636 bonum
1049 1588 1101 1635 ὅτ,
1124 1601 1286 1634 verum
1328 1586 1375 1633 in
1414 1585 1616 1647 genuino
1645 1585 1789 1640 sensu,
1824 1602 1931 1632 nam
1963 1586 2137 1632 bonum
2177 1586 2228 1633 δε
2249 1601 2415 1633 verum

419 1653 612 1699 influens
633 1667 659 1698 a
680 1652 891 1699 Domino
907 1653 1004 1712 agit
1027 1651 1154 1699 illam
1174 1668 1186 1697 ε
1219 1651 1412 1714 planum
1435 1663 1587 1698 autem
1610 1650 1806 1698 exterius
1822 1650 1886 1698 est
1906 1650 2176 1698 conscientia
2198 1650 2415 1707 exterior,

420 1718 474 1765 &
490 1717 555 1764 est
575 1717 656 1764 ubi
670 1715 846 1778 justum
869 1717 922 1764 &
942 1732 1134 1780 aequum
1153 1715 1199 1763 in
1223 1715 1409 1778 proprio
1433 1715 1576 1771 sensu,
1611 1731 1716 1763 nam
1732 1714 1911 1779 justum
1945 1718 1995 1764 ἅτ
2029 1733 2223 1781 aequum
2247 1717 2416 1765 morale

416 1784 475 1831 δε
495 1782 648 1840 civile,
685 1782 814 1845 quod
837 1784 974 1830 etiam
1001 1782 1167 1837 influit,
1201 1782 1299 1844 agit
1320 1780 1479 1828 illam:
1513 1780 1579 1828 est
1615 1783 1752 1828 etiam
1790 1781 1982 1844 planum
2005 1783 2249 1838 extimum,
2284 1782 2418 1847 quod

418 1863 611 1911 quoque
633 1859 823 1910 apparet
845 1848 956 1895 sicut
971 1847 1259 1902 conscientia,
1294 1846 1368 1893 sed
1391 1861 1484 1894 non
1501 1846 1566 1893 est
1587 1846 1873 1905 conscientia,
1907 1863 2073 1911 nempe
2095 1863 2228 1910 agere
2246 1847 2415 1896 'ustum

420 1914 474 1961 &
496 1929 687 1978 aequum
711 1925 896 1977 propter
919 1912 963 1960 se
985 1914 1036 1960 &
1054 1911 1308 1969 mundum,
1345 1911 1434 1959 hoc
1456 1913 1537 1968 est,
1573 1925 1762 1977 propter
1785 1913 1850 1961 sui
1875 1913 2096 1962 honorem
2120 1914 2197 1961 seu
2220 1866 2415 1970 frimam,

419 1980 477 2026 &
499 1991 687 2043 propter
710 1978 873 2027 mundi
896 1993 1008 2042 opes
1031 1979 1082 2027 δε
1105 1979 1405 2042 poss'effiones,
1440 1990 1541 2025 tum
1566 1992 1753 2044 propter
1790 1980 2006 2027 timorem
2028 1979 2142 2044 legis
2161 2001 2177 2035 3
2211 1980 2311 2028 haec
2333 1983 2418 2028 tria

424 2043 559 2109 plana
579 2045 698 2102 sunt,
730 2059 839 2107 quae
861 2057 1027 2108 regunt
1060 2044 1317 2101 hominem,
1352 2044 1440 2091 hoc
1478 2044 1561 2101 est,
1595 2061 1677 2109 per
1713 2061 1823 2109 quae
1843 2046 2078 2094 Dominus
2117 2048 2232 2108 regit
2266 2047 2427 2094 homi-·

423 2126 566 2166 nem;
602 2127 683 2176 per
704 2110 896 2175 planum
919 2111 1120 2167 interius,
1147 2111 1224 2159 seu
1242 2126 1325 2175 per
1345 2110 1801 2160 conscientiamvboni
1823 2113 1874 2160 ὅτ
1890 2110 1986 2159 veri
2009 2111 2262 2175 spiritualis,
2297 2113 2419 2175 regit

425 2178 660 2227 Dominus
683 2177 784 2226 illos
806 2179 888 2243 qui
912 2177 1159 2242 regenerati
1182 2177 1284 2225 sunt
1303 2198 1320 2233 ;
1351 2193 1430 2241 per
1453 2177 1645 2241 planum
1662 2180 1876 2236 exterius,
1911 2177 1986 2226 seu
2008 2194 2091 2242 per
2112 2178 2418 2227 conscentiam

422 2243 531 2307 justi
555 2246 606 2292 δε
626 2245 767 2308 aequi,
801 2244 891 2293 hoc
911 2244 996 2301 est,
1030 2259 1113 2308 per
1133 2243 1453 2292 conscientiam
1473 2245 1584 2291 boni
1605 2245 1656 2292 δε
1678 2245 1773 2292 veri
1796 2244 1980 2292 moralis
2013 2244 2062 2291 ὅτ.
2095 2244 2259 2305 civili&
2301 2247 2419 2309 regit

430 2310 667 2358 Dominus
684 2311 802 2367 illos,
821 2312 902 2375 qui
922 2310 1132 2359 nondum
1154 2312 1399 2372 regenerati
1421 2308 1542 2367 sunt,
1560 2309 1636 2357 sed
1659 2310 1741 2375 qui
1765 2309 2015 2374 regenerari
2031 2310 2230 2375 poffunt,
2245 2312 2420 2375 &quo-

426 2391 520 2439 que
536 2388 874 2440 regenerantur,
907 2376 943 2424 fi
960 2392 1053 2424 non
1086 2376 1181 2425 vita
1201 2379 1421 2440 corporis,
1454 2377 1662 2441 usquein
1685 2377 1819 2424 altera
1854 2380 1977 2425 vita:
2013 2377 2086 2424 sed
2112 2393 2195 2439 per
2226 2378 2418 2440 planum

397 2441 656 2488 ,extimum
676 2442 806 2503 quod
827 2454 1014 2505 apparet
1036 2441 1168 2490 instar
1189 2442 1480 2506 eonscientiae
1501 2444 1553 2491 ὅτ,
1583 2455 1736 2490 tamen
1759 2459 1852 2491 non
1884 2443 1951 2490 est
1973 2442 2260 2499 conscientia,
2296 2446 2418 2506 regit

431 2505 668 2552 Dominus
689 2521 850 2553 omnes
872 2507 1089 2570 reliquos,
1122 2510 1261 2557 etiam
1278 2507 1423 2555 malos
1447 2508 1491 2554 hi
1516 2507 1683 2573 absque
1699 2509 1790 2557 hoc
1808 2509 2037 2571 regimine*
2052 2522 2230 2556 ruerent
2251 2511 2297 2555 in
2315 2525 2419 2557 om·

431 2573 507 2618 nia
529 2570 693 2618 nefaria
711 2572 764 2619 &
786 2571 958 2629 velana,
993 2564 1045 2621 ’δε
1062 2589 1250 2638 quoque
1273 2589 1384 2621 curn
1400 2574 1566 2639 absque
1588 2575 1778 2623 vinculis
1801 2575 1920 2623 illius
1951 2575 2074 2638 plani
2108 2575 2232 2632 sunt,
2267 2575 2409 2623 etiarn

429 2648 570 2684 ruunt
590 2657 605 2690 ·‚
639 2638 815 2701 quique
831 2653 923 2688 non
942 2640 1040 2702 regi
1065 2639 1107 2686 se
1130 2641 1365 2703 patiuntur
1386 2656 1468 2705 per
1508 2640 1598 2698 illa,
1633 2653 1711 2691 aut
1733 2640 1883 2689 vesani
1909 2641 2026 2697 sunt,
2062 2653 2145 2701 aut,
2161 2640 2415 2704 puniuntur

432 2700 683 2750 secundum
706 2703 846 2764 leges.
921 2703 1046 2752 Haec
1063 2705 1146 2753 tria
1166 2707 1302 2770 plana
1323 2722 1471 2754 unum
1490 2719 1636 2770 agunt
1652 2707 1778 2771 apud
1802 2720 2100 2770 regeneratOS,
2134 2709 2248 2754 narn⁴
2265 2706 2418 2755 influit

431 2783 579 2816 unum
596 2768 641 2814 in
659 2768 869 2825 alterum,
901 2785 955 2817 ac
976 2769 1166 2820 interius
1188 2771 1393 2836 disponit
1414 2772 1634 2820 exterius:
1670 2775 1876 2837 primum
1901 2772 2105 2835 planum,
2138 2772 2215 2820 seu
2249 2773 2417 2821 consci-

427 2834 554 2882 entia
576 2835 684 2882 boni
708 2835 758 2882 δε
779 2834 874 2882 veri
898 2834 1157 2897 spiritualis,
1191 2838 1256 2885 est
1290 2839 1336 2885 in
1362 2838 1567 2885 rationali
1591 2839 1788 2887 hominis
1809 2860 1823 2893 ;
1857 2838 2051 2886 alterum
2075 2854 2184 2886 vero
2207 2839 2415 2903 planum,

432 2898 512 2949 seu
541 2900 808 2947 conscientia
830 2900 1014 2950 boni&
1045 2904 1143 2951 veri
1177 2904 1354 2952 moralis
1377 2906 1428 2952 &
1449 2904 1612 2959 civilis,
1647 2905 1735 2954 hoc
1758 2904 1837 2961 est,
1866 2903 1974 2967 justi
2013 2906 2063 2953 ὅτ
2086 2907 2228 2968 aequi,
2264 2904 2328 2951 est
2367 2906 2414 2951 in

434 2966 627 3014 naturali
645 2966 862 3014 hominis.
929 2966 1005 3014 Ex
1029 2967 1096 3015 his
1118 2983 1241 3017 nunc
1264 2982 1404 3033 patet,
1438 2970 1551 3033 quid
1581 2970 1758 3033 justum
1783 2973 1833 3018 δε
1865 2987 2075 3035 aequum,
2109 2988 2218 3035 quae
2245 2971 2418 3033 signifi-

427 3043 594 3079 cantur
611 3047 694 3096 per
714 3030 881 3090 fratres,
918 3048 1083 3098 nempe
1098 3033 1268 3095 justum
1293 3051 1374 3099 per
1390 3034 1543 3082 fratres
1565 3053 1706 3094 meos,
1732 3038 1782 3084 &
1800 3053 1992 3101 aequum
2017 3053 2097 3100 per
2118 3038 2270 3085 fratres
2295 3052 2415 3091 tuos;

425 3094 605 3160 justum
635 3099 759 3146 enim
776 3100 826 3146 &
844 3114 1038 3162 aequum
1057 3100 1239 3161 dicitur,
1271 3102 1383 3167 quia
1403 3104 1553 3165 agitur
1586 3103 1645 3152 de
1682 3104 1872 3152 naturali
1907 3103 2112 3162 homine,
2148 3120 2254 3152 nam
2278 3104 2334 3152 de
2356 3118 2415 3152 eo

435 3163 623 3228 proprie
654 3162 728 3212 illa
761 3165 1080 3230 praedicantur.

2267 3300 2421 3362 4168.
