2742 3718
462 192 813 299 “CAPUT
864 178 1532 300 TRIGESIMUM
1580 187 2149 298 S'EPT1MUM
2249 234 2389 316 345

388 361 556 412 diauri
578 358 645 405 illi
668 357 749 421 qui
772 355 1017 413 affirmant,
1049 354 1177 419 quod
1191 354 1279 402 hoc
1302 354 1441 403 sciant
1462 356 1575 421 quid
1602 356 1670 412 fit,
1704 356 1811 422 quia
1832 356 1915 404 hoc
1937 355 2001 404 est
2024 354 2134 403 'vitae
2154 375 2168 408 ·,
2203 355 2277 402 sed
2296 372 2374 405 co-

386 427 530 492 gitare
551 424 678 490 quod
702 425 790 470 hoc
812 421 886 482 vel
907 422 1022 470 illud
1044 421 1100 468 fit
1117 436 1297 479 verum,
1334 420 1470 480 etiarn
1495 438 1552 469 ex
1575 422 1868 479 confidentia,
1906 422 2015 470 sicut
2031 420 2198 468 volunt
2221 423 2303 484 qui
2328 421 2376 469 in

385 493 483 542 fide
521 492 735 556 separata,
771 489 923 537 dicent
943 486 1070 552 quod
1093 502 1186 534 non
1210 487 1346 534 sciant
1367 486 1481 548 quid
1517 487 1586 543 sit,
1622 504 1727 534 nam
1752 504 1843 534 non
1875 488 2007 535 aliam
2031 487 2375 551 perceptionem

385 560 444 609 de
466 575 523 607 eo
545 558 708 611 habere
722 555 923 620 poliunt,
956 569 1099 618 quam
1122 553 1235 600 ficut
1256 552 1315 600 de
1354 552 1488 600 fumo
1511 553 1596 617 qui
1617 554 1869 600 evanescit:
1906 554 2016 617 quia
2052 554 2150 603 talis
2185 566 2376 616 apparet

387 626 477 674 sola
500 616 679 672 fides&
702 621 808 669 inde
824 620 1115 676 confidentia,
1150 619 1275 683 apud
1289 619 1581 684 quoscunque
1603 619 1684 683 qui
1702 618 1758 667 de
1779 619 1850 665 illa
1869 619 1978 667 serio
1996 619 2213 682 cogitant,
2248 635 2376 666 cum·

384 692 547 756 primis
563 688 689 754 apud
711 689 885 749 bonon
920 687 1093 734 idcirco
1115 685 1362 734 allaborant
1383 686 1519 733 etiam
1543 683 1826 750 apparentias
1859 685 1953 731 illas
1977 685 2195 732 discutere
2226 685 2276 732 δε
2294 701 2376 732 an-

388 757 591 813 nihilare,
625 753 993 803 circumcidendo
1022 753 1083 800 fic
1104 750 1324 815 quicquid
1371 751 1558 816 propius
1582 754 1748 815 tangit,
1781 766 1834 799 ac
1855 749 2073 814 quicquid
2101 751 2146 797 in
2185 751 2384 798 circuitu·

386 823 484 878 est;
519 823 608 870 hoc
630 820 902 884 significatur
923 835 1006 882 per
1027 833 1185 879 exuere
1203 817 1460 880 Josephum
1483 819 1635 867 tunica
1656 834 1763 881 quae
1791 816 1924 881 super
1957 816 2104 864 illum.
2172 817 2379 864 Credunt

388 890 526 949 etiam
549 887 722 943 iidem,
771 884 900 949 quod
933 883 1150 945 &pientes
1182 883 1268 929 fint
1291 899 1389 946 prae
1411 883 1610 946 reliquis,
1642 886 1723 945 qui
1745 883 1921 947 dogma
1951 881 2089 930 semel
2126 896 2384 945 receptum„.

387 954 699 1018 qualecunque
720 951 792 1006 fit,
825 947 959 996 variis
980 947 1251 996 confirmare
1274 947 1475 1012 possunt,
1510 950 1561 996 δε
1586 949 1700 997 illud
1734 965 1815 1012 per
1848 950 1968 1011 varia
2007 947 2238 995 ratiocinia
2267 964 2390 1006 verq

388 1015 535 1067 fimile
555 1017 736 1071 fistere;
773 1014 846 1063 sed
883 1015 971 1063 hoc
994 1014 1110 1062 nihil
1143 1014 1296 1062 minus
1317 1029 1462 1079 quam
1482 1015 1693 1079 sapientis
1716 1015 1795 1071 est,
1830 1015 1918 1063 hoc
1941 1013 2089 1079 potest
2115 1015 2380 1079 quicunque

387 1085 542 1150 aliquo
566 1082 755 1145 ingenio
777 1081 941 1146 pollet,
975 1095 1026 1128 ac
1047 1079 1252 1128 solertius
1275 1081 1534 1144 maliquam
1557 1082 1688 1146 probi
1706 1102 1724 1137 ς
1758 1082 1845 1129 hoc
1866 1081 1992 1129 enim
2009 1080 2168 1137 facere,
2204 1097 2295 1128 non
2314 1080 2389 1127 est?

388 1150 621 1200 rationalis
641 1148 875 1202 honunis3
909 1146 1134 1195 rationalis
1155 1147 1280 1195 enim
1302 1147 1448 1196 homo
1472 1147 1624 1197 videre
1646 1147 1795 1213 potest
1807 1148 1916 1196 ficut
1932 1146 2232 1210 exsuperiori‚
2266 1159 2390 1194 num-

386 1232 551 1265 verum
573 1217 628 1263 fit
644 1213 769 1278 quod
792 1214 1108 1270 confirmatur,
1146 1213 1214 1262 vel
1232 1229 1347 1261 num
1364 1213 1527 1262 falsum
1547 1237 1561 1270 ;
1597 1216 1647 1263 δε
1683 1215 1794 1279 quia
1817 1215 1903 1262 hoc
1925 1215 2071 1269 videt,
2104 1213 2381 1261 confirman-

386 1285 452 1332 tia
474 1282 569 1330 falfi
604 1279 735 1329 nihili
758 1279 885 1338 facit,
920 1286 971 1328 a'c
994 1279 1066 1337 illa
1098 1280 1221 1343 apud
1263 1280 1305 1328 se
1344 1296 1436 1328 non
1475 1281 1605 1328 aliter
1626 1280 1794 1345 spectat
1815 1296 1962 1344 quam·
1982 1279 2149 1326 ludicra
2172 1280 2221 1326 &
2245 1295 2390 1334 vana,⁴

386 1359 622 1412 utcunque
643 1347 754 1394 alter
774 1346 915 1394 credit
934 1363 987 1394 ea
1008 1362 1065 1394 ex
1088 1346 1225 1410 ipfius
1240 1345 1468 1408 sapientiae
1486 1345 1688 1410 palaestra
1710 1346 1952 1410 desumpta
1968 1345 2082 1392 esse:
2117 1345 2276 1400 verbo,
2313 1345 2382 1391 ni-

384 1415 462 1463 hi}
477 1415 626 1463 minus
642 1429 785 1478 quam
805 1413 1014 1476 sapientis
1031 1413 1113 1468 est,
1135 1413 1246 1460 *imo
1269 1412 1383 1459 nihil
1396 1413 1550 1460 minus
1571 1428 1712 1478 quam
1737 1412 1966 1468 rationale,
2003 1409 2128 1474 poffe
2152 1409 2256 1456 falsa
2272 1426 2393 1456 con-r

387 1483 589 1539 firmare,
631 1495 737 1527 nam
763 1479 970 1543 sapientis
987 1478 1052 1527 est
1077 1479 1127 1527 δι
1149 1479 1382 1535 rationale,
1416 1479 1573 1526 videre
1607 1480 1732 1542 prius
1753 1479 1881 1543 quod
1913 1493 2072 1526 verum
2094 1477 2164 1532 fit,
2201 1478 2250 1524 &
2274 1477 2382 1524 dein

389 1548 487 1594 hoc.
500 1548 803 1601 confirmari-03
838 1546 1014 1609 quippe
1050 1561 1215 1598 verum
1251 1544 1429 1601 videre,
1457 1545 1523 1592 est
1554 1561 1582 1592 a
1603 1546 1704 1592 luce
1739 1545 1844 1592 coeli
1878 1559 1987 1608 quae
2022 1559 2048 1590 a
2072 1543 2298 1597 Domino,
2334 1555 2388 1589 at*

389 1611 551 1660 falsum
566 1612 722 1658 videre
739 1624 792 1657 ut
808 1625 988 1664 verum,
1028 1610 1093 1654 est
1113 1627 1140 1656 a
1162 1610 1338 1656 lumine
1355 1609 1481 1657 fatuo
1494 1612 1619 1674 quod
1645 1611 1702 1656 ab
1721 1610 1912 1656 inferne.

457 1691 605 1741 4742.
643 1675 831 1722 Tunica
841 1674 1068 1722 variorum
1079 1674 1320 1731 .colorum,-
1342 1690 1450 1737 quae
1467 1675 1594 1738 super
1618 1691 1744 1730 eur-n,
1782 1675 1908 1737 quod
1927 1673 2150 1737 significet
2164 1690 2382 1738 apparen-

391 1745 560 1792 tiarum
583 1742 714 1806 quale
733 1740 886 1804 quoad
910 1755 1014 1788 vera
1046 1755 1105 1787 ex
1141 1741 1280 1795 bono,
1315 1741 1488 1788 constat
1508 1757 1565 1790 ex
1588 1742 1918 1803 significatione
1942 1740 2111 1788 tunicae
2148 1743 2393 1788 variorum

390 1812 615 1863 cohor-um,
650 1809 777 1870 quod
798 1806 883 1855 fint
905 1805 1179 1870 apparentiae
1200 1808 1314 1861 veri,
1344 1822 1402 1855 ex
1419 1808 1586 1871 quibus
1607 1807 1836 1871 spirituale
1862 1806 2071 1854 naturalis
2092 1806 2382 1868 cognoscitur

392 1877 444 1924 δε
465 1874 774 1937 distinguitur,
809 1873 870 1921 de
889 1889 979 1937 qua
1003 1889 1057 1920 n:
1081 1873 1233 1936 4677,
1267 1871 1343 1920 hic
1381 1873 1486 1921 ideo
1523 1876 1889 1937 apparentiarum
1925 1872 2071 1934 quale,
2105 1886 2397 1935 quapropter

390 1943 531 1990 etiam
553 1939 800 1987 bis‘dicitur
818 1940 984 1995 tunica,
1021 1955 1188 2002 nempe
1224 1947 1257 1969 “
1280 1940 1788 2003 exuebant-Josephum
1809 1939 1960 1986 tunica
1990 1939 2082 1993 sua,
2119 1939 2269 1985 tunica
2300 1954 2396 1985 vaf
2438 1973 2441 1977 -

392 2007 569 2054 riorum
589 2004 849 2054 colorum.'’
921 2006 1070 2070 Qod
1091 2007 1453 2068 apparentiarum
1478 2006 1608 2070 quale
1641 2006 1684 2052 se
1707 2006 1870 2053 habeat
1909 2003 2154 2053 seeundum
2176 2019 2291 2066 ‘vera
2325 2019 2390 2052 ex:

378 2065 533 2128 ibono,
568 2071 774 2118 constare*
791 2070 941 2134 potest
961 2087 1017 2119 ex
1040 2071 1311 2135 apparentiis
1326 2074 1441 2129 veri,
1464 2078 1582 2119 'cum
1600 2071 1658 2118 ad
1677 2071 1827 2118 visum
1846 2069 2055 2118 sistuntur
2070 2069 2116 2116 in
2134 2069 2232 2116 luce
2254 2071 2394 2125 coeli‚‚

391 2138 482 2184 hoc
503 2136 584 2192 est,
621 2137 667 2181 in
690 2137 831 2182 altera
850 2136 962 2190 vita,
995 2137 1076 2182 ubi
1102 2152 1195 2182 non
1224 2136 1308 2181 alia
1331 2137 1412 2182 lux
1445 2137 1526 2192 est,
1561 2153 1704 2200 quam
1727 2153 1834 2200 quae
1856 2135 1984 2183 venit
2020 2151 2102 2197 per
2141 2135 2330 2182 Coelum
2355 2154 2397 2184 a>

392 2202 626 2258 Domino,
659 2202 714 2249 δε.
730 2215 837 2263 quae
860 2200 1012 2248 existit
1031 2216 1089 2249 ex
1114 2199 1293 2248 Divino
1312 2201 1616 2264 Ipfiuerero,
1650 2203 1738 2250 hoc
1753 2202 1879 2249 enim
1901 2216 2054 2250 coram
2077 2200 2220 2247 oculis
2244 2217 2383 2264 ange-

391 2267 1022 2331 lonnnssapparetm;lux,.n:
1051 2267 1362 2341 2776..3190.
1384 2283 1530 2332 3195.
1552 2285 1695 2333 3222.
1723 2284 1868 2332 3339.
1897 2282 2041 2330 3340.
2063 2266 2208 2339 3636.
2235 2269 2396 2330 3643.-

397 2351 544 2398 3993.
570 2350 718 2394 4302.
743 2349 1044 2394 42121324'415
1061 2355 1085 2386 -,,
1110 2347 1309 2381 variatur
1331 2334 1433 2382 haec
1469 2337 1546 2382 lux
1569 2335 1694 2398 apud
1731 2349 2096 2397 unumquemvis
2135 2331 2396 2381 secunduma

392 2398 755 2461 receptionem··,.
795 2399 957 2444 omnis·
981 2397 1206 2459 cogitatio
1246 2400 1516 2460 angelorum
1539 2401 1591 2447 fit
1608 2408 1695 2463 ‘per
1714 2400 2071 2459 variegationem
2106 2397 2224 2444 illius
2247 2399 2394 2455 lucisr

394 2464 508 2511 ficut
528 2462 666 2509 etiam
684 2461 907 2522 cogitatio
931 2461 1149 2518 hominiS‚
1187 2464 1363 2510 tametfi
1387 2464 1533 2511 homo
1555 2465 1644 2512 hoc
1666 2464 1834 2520 nescit5
1861 2463 1970 2527 quia
2000 2463 2125 2525 apud
2139 2456 2396 2512 'hominem-⁸

301 2572 305 2576 .
397 2529 516 2575 cadit
541 2528 622 2575 lux
640 2527 715 2573 illa
738 2526 784 2573 in
810 2526 1031 2589 imagines
1054 2527 1131 2574 seu
1145 2527 1267 2575 ideas
1286 2529 1554 2587 materiam,
1590 2546 1699 2594 quae
1723 2530 1768 2576 in
1788 2529 1975 2579 naturali
1995 2528 2070 2575 seu
2085 2541 2275 2575 externo
2289 2529 2396 2592 ejus·

399 2594 591 2642 homine
612 2593 716 2641 sunt
737 2609 794 2640 ex
838 2592 943 2640 luce
979 2593 1162 2650 mundi,
1193 2593 1300 2642 inde
1322 2595 1446 2659 apud
1469 2611 1578 2643 eum
1616 2598 1663 2643 in
1700 2608 1880 2644 tantum
1900 2594 2162 2643 obscuratur-
2183 2594 2259 2642 illa
2282 2597 2405 2653 lux„-

396 2673 449 2708 ut
468 2660 550 2707 vix
571 2658 693 2715 sciat,
729 2659 855 2722 quod
888 2659 970 2707 lux
992 2661 1043 2708 δε
1064 2659 1302 2723 visus.ejus
1325 2661 1636 2709 intellectualis
1662 2663 1716 2709 fit
1739 2663 1843 2709 inde
1864 2682 1890 2716 3-
1931 2674 1977 2708 at
2013 2660 2059 2707 in
2091 2660 2230 2708 altera
2261 2662 2391 2718 vita?

395 2742 507 2774 cum
529 2724 646 2772 visus
667 2725 788 2772 oculi
811 2740 902 2772 non
926 2725 1122 2789 amplius
1143 2726 1211 2774 est
1226 2726 1272 2774 in
1287 2727 1389 2775 luce
1407 2728 1603 2785 mundi,
1624 2728 1763 2776 sedin
1797 2730 1897 2776 luce
1919 2725 2054 2782 coeli,-
2080 2739 2184 2773 tunc
2207 2726 2249 2773 se
2282 2744 2387 2774 ma-

397 2791 579 2839 nifestat
595 2790 722 2855 quod
745 2791 966 2854 cogitatio
986 2791 1080 2855 ejus
1102 2791 1157 2839 fit
1178 2791 1300 2841 inde.
1357 2793 1480 2842 Haec
1497 2795 1576 2842 lux
1587 2810 1692 2844 curn
1719 2811 1744 2841 e
1763 2795 1884 2841 coelo
1903 2793 2055 2840 transit
2073 2792 2118 2838 in
2144 2792 2386 2842 mundum-

394 2858 658 2922 spirituum,
692 2856 857 2904 sistitur·
872 2857 942 2904 ib‘r
958 2857 1205 2922 subspecie
1225 2858 1456 2907 variorum
1479 2861 1703 2917 colorum,
1739 2860 1822 2924 qui
1837 2859 2008 2906 colores
2026 2857 2394 2920 pulchritudine?

397 2925 607 2971 varietate
645 2923 697 2969 δε
725 2924 982 2974 amaenitate
1005 2923 1283 2971 immensum
1313 2926 1540 2973 excedunt
1560 2928 1732 2974 colores
1762 2926 1845 2988 qui
1869 2924 1968 2972 sunt
1988 2938 2046 2969 ex
2070 2923 2166 2970 luce
2199 2926 2398 2982 mundi,.

318 3015 326 3019 -
399 2989 643 3037 videantur
666 2997 773 3052 quae
786 2991 910 3051 prius
933 2989 991 3035 de
1012 2990 1311 3039 coloribus-ab
1333 2992 1614 3055 experientia
1638 3009 1691 3038 n:
1723 3008 1864 3054 1053.
1890 2992 2034 3048 1624.
2059 2986 2154 3052 399
2162 3007 2206 3052 3
2229 3006 2396 3054 45303-

398 3055 550 3118 4677,
583 3055 713 3102 allata
731 3053 860 3102 sunt:
896 3057 1003 3118 quia
1025 3056 1194 3104 colores
1212 3056 1258 3102 in
1275 3057 1525 3104 alteravvita
1544 3057 1650 3105 inde
1666 3057 1887 3113 existunt,
1915 3056 2022 3103 sunt=
2039 3052 2086 3100 in
2108 3055 2286 3119 origine
2305 3056 2394 3103 fua-2

401 3135 495 3167 non
513 3119 793 3184 aliudzquam
826 3121 1102 3185 apparentiae
1132 3122 1228 3168 veri
1251 3137 1310 3171 ex·
1329 3123 1482 3177 b0n0;
1517 3138 1679 3171 verum
1699 3124 1823 3170 enim
1847 3138 1903 3171 ex
1927 3122 1968 3170 se
1991 3134 2083 3178 non
2107 3121 2253 3178 lucets
2276 3123 2400 3186 qui&>

401 3185 449 3234 ei.
467 3185 549 3234 soli
563 3184 687 3236 nihil
706 3187 974 3238 flammeum
985 3188 1116 3247 inest,
1150 3187 1235 3238 sed
1248 3202 1306 3239 ex
1327 3189 1593 3305 bono‚xhoc
1609 3189 1736 3238 enirn
1753 3188 1968 3239 estinstar
1991 3186 2199 3237 flammae
2214 3203 2281 3236 ex-
2293 3203 2402 3250 qua>-

1548 3271 1592 3304 x-
1690 3310 1699 3314 ,
2285 3253 2403 3311 lum„
