2742 3718
518 282 851 355 CAPUT
898 281 1572 354 TRIGESIMUM
1619 281 2077 371 PRIMUM.
2201 301 2287 369 41

311 417 603 485 proprientur
630 413 827 471 homini,
850 412 992 477 usque
1014 412 1126 460 dum
1151 411 1196 458 in
1215 409 1344 457 illurn
1370 411 1532 458 statum
1556 411 1684 458 venit
1707 423 1756 458 ut
1778 410 1900 467 sciat,
1935 409 2041 456 dein
2066 409 2294 471 agnoscat,

317 487 370 532 ὅτ
403 483 587 532 tandem
620 481 791 540 credat,
830 479 956 544 quod
991 494 1082 525 non
1105 476 1200 539 ejus
1240 475 1342 538 sint,
1377 477 1450 523 sed
1474 477 1704 531 Domini;
1755 491 1918 524 notum
1955 476 2095 523 etiam
2135 475 2199 522 est
2237 490 2295 522 ex
2366 473 2368 475 ’

315 551 490 606 Verbo,
525 550 575 596 ὅτ
600 547 705 594 inde
730 546 776 593 in
801 545 929 593 Orbe
953 543 1221 602 Christiano,
1257 543 1385 606 quod
1409 558 1548 590 omne
1572 543 1748 589 bonum
1772 544 1821 590 δε
1844 540 1983 589 omne
2007 557 2169 588 verum
2193 542 2246 588 fit
2270 557 2296 588 a
2335 575 2342 584 ,

314 617 546 671 Domino,
581 615 631 661 ὅτ
653 611 780 676 quod
803 610 919 657 nihil
958 609 1066 656 boni
1090 602 1231 656 fit⁸ab
1255 609 1461 664 homine,
1497 607 1596 655 imo
1629 608 1892 654 doctrinalia
1930 607 2156 663 Ecclefiae,
2191 620 2298 670 quae

312 698 373 730 ex
396 682 552 730 Verbo
576 678 764 732 dictant,
797 676 924 738 quod
948 675 1092 723 homo
1112 691 1169 723 ne
1189 675 1380 738 quidem
1414 674 1560 721 conari
1585 675 1718 736 poffit
1741 674 1917 720 bonum
1956 690 1980 720 a
2021 673 2079 730 se,
2116 674 2176 721 ita
2200 689 2294 720 non

315 747 450 803 velle,
483 742 675 809 'proinde
698 759 788 790 non
813 741 973 798 facere,
1009 757 1115 788 nam
1151 740 1292 788 faeere
1329 742 1505 796 bonum
1544 739 1609 787 est
1646 755 1703 786 ex
1727 738 1843 785 velle
1885 740 2074 795 bonum,
2108 740 2157 786 δε
2180 756 2299 803 quo·

312 829 404 876 que
440 811 567 873 quod
588 825 725 859 omne
764 808 871 855 fidei
902 808 957 855 fit
993 823 1019 854 a
1037 807 1264 862 Domino,
1299 806 1358 853 sic
1380 819 1431 853 ut
1454 807 1599 853 homo
1622 820 1678 852 ne
1704 804 1953 852 minimum
1975 804 2155 852 credere
2196 804 2300 869 pos·

317 879 388 934 fit,
427 877 510 924 nifi
532 876 620 923 hoc
643 874 798 922 influat
820 889 846 920 a
871 873 1083 920 Domino
1102 893 1116 927 ;
1152 872 1254 919 haec
1275 871 1448 918 dictant
1469 870 1735 917 doctrinalia
1757 870 1989 926 Ecclefiae,
2024 872 2073 918 &
2097 871 2195 917 haec
2217 873 2299 918 do-

314 955 419 992 cent
440 939 808 1006 praedicationes;
843 939 918 985 sed
935 939 1059 1002 quod
1083 937 1233 1001 pauci,
1268 939 1367 985 imo
1390 936 1657 1001 pauciffimi,
1689 937 1889 991 credant,
1923 936 2048 998 quod
2074 937 2133 984 ita
2156 936 2196 983 se
2222 937 2300 984 ha·-

315 1011 434 1064 beat,
468 1006 667 1055 constare
690 1004 836 1069 potest
859 1020 917 1052 ex
940 1020 1012 1060 eo,
1047 1003 1172 1067 quod
1195 1015 1436 1051 autument
1457 1019 1598 1050 omne
1620 1004 1733 1050 vitae
1756 1003 1842 1051 effe
1877 1004 1922 1049 in
1950 1002 2006 1058 se,
2043 1003 2093 1049 ὅτ
2116 1004 2196 1048 vix
2218 1003 2300 1049 ali-

315 1075 413 1140 qui,
447 1071 574 1137 quod
598 1071 692 1118 vita
715 1070 907 1124 influat;
940 1085 1079 1118 omne
1102 1070 1214 1117 vitae
1238 1069 1437 1118 hominis
1460 1068 1657 1117 confistit
1686 1071 1732 1116 in
1760 1068 1988 1123 facultate,
2022 1071 2146 1131 quod
2172 1070 2300 1131 cogi-

316 1154 410 1189 tare
432 1141 580 1203 possit,
616 1139 666 1185 ὅτ
688 1137 814 1200 quod
839 1135 954 1183 velle
976 1137 1128 1199 possit,
1163 1134 1196 1181 fi
1230 1135 1355 1184 enim
1402 1135 1589 1183 facultas
1621 1135 1851 1199 cogitandi
1876 1136 1926 1182 &
1949 1133 2135 1183 volendi
2158 1129 2302 1180 auser-

315 1220 406 1261 tur,
441 1204 554 1254 nihil
587 1203 699 1251 vitae
721 1215 956 1258 remanet3
991 1202 1041 1250 δε
1065 1201 1329 1266 ipfiffimum
1354 1201 1464 1250 vitae
1501 1201 1701 1249 consistit
1732 1201 1777 1248 in
1811 1201 2012 1262 cogitare
2051 1202 2227 1247 bonum
2252 1201 2303 1248 δε

312 1272 435 1321 'velle
459 1271 652 1326 bonurn,
687 1279 791 1316 tum
829 1269 877 1315 in
911 1268 1109 1332 cogitare
1138 1282 1319 1323 verum,
1353 1268 1403 1315 &
1420 1268 1539 1316 velle
1562 1269 1609 1315 id
1635 1268 1761 1331 quod
1786 1268 1959 1329 cogitat
1987 1281 2148 1313 verum
2184 1266 2267 1312 effe
2285 1285 2303 1319 ³

316 1354 425 1386 cum
449 1338 549 1384 haec
572 1334 823 1383 secundum
846 1334 1113 1383 doctrinalia
1134 1349 1244 1398 quae
1279 1349 1340 1381 ex
1373 1335 1549 1391 Verbo,
1586 1349 1678 1380 non
1703 1333 1903 1381 hominis
1942 1332 2061 1389 sunt,
2097 1332 2170 1378 sed
2204 1332 2307 1381 Do-

316 1403 452 1460 mini,
488 1403 538 1451 &
561 1401 689 1466 quod
711 1401 906 1448 influant
930 1416 956 1447 a
979 1400 1188 1449 Domino
1209 1414 1290 1464 per
1310 1400 1505 1457 coelum,
1542 1399 1647 1447 inde
1686 1400 1932 1464 potuiffent
1956 1398 2020 1445 illi
2044 1398 2125 1462 qui
2149 1398 2323 1461 aliquo-

311 1469 490 1535 judicio
525 1468 713 1531 pollent,
749 1467 800 1514 &
822 1466 904 1531 qui
926 1467 1154 1516 reflectere
1189 1466 1392 1530 possunt,
1426 1465 1711 1522 concludere,
1751 1465 1875 1529 quod
1908 1479 2048 1512 omne
2086 1464 2198 1511 vitae
2237 1465 2306 1510 in-

318 1535 462 1583 fluat:
498 1533 704 1582 similiter
743 1532 787 1581 se
811 1533 946 1581 habet
967 1548 1076 1581 cum
1099 1531 1221 1580 malo
1259 1532 1310 1580 δε
1349 1531 1478 1589 falso,
1515 1531 1762 1581 secundum
1800 1529 2065 1578 doctrinalia
2101 1546 2210 1594 quae
2247 1544 2309 1576 ex

315 1602 493 1658 Verbo,
527 1599 592 1648 est
614 1599 742 1664 quod
764 1598 972 1646 diabolus
993 1598 1207 1646 continue
1230 1610 1417 1645 conetur
1438 1598 1642 1646 seducere
1673 1597 1931 1653 hominem,
1966 1598 2015 1644 δε
2039 1595 2166 1659 quod
2194 1610 2308 1641 con-

317 1667 444 1713 tinue
466 1664 661 1712 insufflet
682 1664 883 1719 malum,
917 1664 1024 1711 inde
1044 1664 1183 1710 etiam
1206 1664 1387 1720 dicitur,
1421 1678 1525 1710 cum
1566 1662 1728 1726 aliquis
1759 1663 1930 1725 grande
1970 1660 2141 1708 facinus
2179 1676 2307 1708 com-

322 1731 460 1786 mifit‚
495 1729 621 1794 quod
655 1728 699 1776 se
735 1728 882 1791 paffus
916 1728 971 1776 fit
993 1727 1143 1775 seduci
1177 1743 1202 1774 a
1234 1727 1453 1782 diabolo3
1490 1727 1581 1776 hoc
1606 1743 1792 1791 quoque
1820 1743 1979 1774 verum
2003 1726 2083 1781 est,
2121 1726 2193 1772 sed
2234 1725 2308 1772 us-

320 1812 411 1861 que
434 1795 563 1859 pauci
596 1795 630 1841 fi
661 1794 743 1840 ulli
766 1792 988 1848 credunt;
1022 1794 1134 1841 ficut
1155 1794 1277 1841 enim
1301 1809 1441 1840 omne
1482 1794 1655 1841 bonum
1679 1794 1726 1839 &
1751 1809 1912 1839 verum
1947 1792 2010 1840 est
2033 1808 2058 1838 a
2078 1791 2308 1848 Domino,

320 1862 384 1909 ita
414 1860 478 1907 est
509 1875 647 1907 omne
679 1858 853 1906 malum
883 1859 934 1906 ὅτ
955 1858 1115 1906 falsum
1131 1859 1188 1906 ab
1217 1858 1409 1914 inferno,
1433 1857 1522 1905 hoc
1541 1858 1621 1913 est,
1656 1873 1682 1904 a
1705 1857 1908 1915 diabolo,
1946 1873 2051 1903 nam
2077 1855 2309 1904 infernum

321 1926 385 1976 est
418 1924 660 1979 diabolus;
694 1923 801 1972 inde
824 1922 961 1971 etiam
986 1923 1184 1970 constare
1207 1924 1369 1987 potest,
1404 1923 1531 1986 quod
1549 1922 1658 1971 ficut
1679 1938 1818 1970 omne
1857 1923 2105 1974 bonum&
2127 1938 2310 1978 verum,

321 1994 386 2041 ita
418 2006 601 2055 quoque
633 2005 774 2039 omne
804 1989 980 2037 malum
1014 1991 1063 2037 ὅτ
1098 1988 1259 2037 falsum
1293 1989 1469 2046 influat,
1506 1988 1698 2053 proinde
1732 1990 1866 2037 etiam
1902 1990 2103 2050 cogitare
2129 1988 2307 2035 malum

322 2058 373 2106 &
407 2057 523 2104 velle
560 2056 769 2110 malum3
804 2071 910 2102 cum
933 2055 1032 2103 haec
1051 2071 1241 2119 quoque
1266 2056 1480 2111 influunt,
1515 2055 1727 2102 concludi
1746 2055 1894 2119 potest
1926 2055 1985 2102 ab
2021 2054 2108 2102 illis
2130 2056 2210 2116 qui
2228 2055 2310 2100 ali-

323 2139 418 2187 quo
442 2121 617 2186 judicio
644 2121 837 2185 pollent,
872 2122 922 2169 δε
956 2122 1179 2168 reflectere
1215 2122 1415 2184 poffunt,
1450 2121 1577 2185 quod
1606 2136 1747 2168 omne
1781 2123 1892 2168 vitae
1923 2120 2095 2175 influat,
2131 2120 2333 2167 tametsi

323 2201 511 2253 apparet
532 2188 643 2236 ficut
666 2188 712 2235 in
736 2187 922 2235 homine
946 2187 1028 2236 fit:
1064 2187 1194 2251 quod
1216 2187 1276 2235 ita
1307 2188 1379 2245 fit,
1406 2185 1651 2248 ⁴multoties
1690 2186 1921 2234 ostensum
1959 2186 2023 2233 est
2060 2186 2311 2249 spiritibus,

323 2257 404 2319 qui
428 2270 574 2302 recens
597 2270 620 2300 e
645 2254 824 2301 mundo
847 2255 894 2300 in
917 2252 1098 2301 alteram
1119 2253 1264 2301 vitam
1287 2265 1510 2301 venerunt
1526 2256 1557 2308 ;'
1576 2253 1649 2300 sed
1673 2253 1866 2316 quidam
1889 2269 2051 2301 eorum
2073 2252 2307 2308 dixerunt,

325 2322 359 2368 fi
383 2323 520 2371 etiam
544 2335 684 2368 omne
707 2319 884 2367 malum
908 2320 957 2367 &
983 2318 1147 2367 falsum
1171 2319 1348 2377 influat,
1385 2318 1513 2383 quod
1537 2319 1651 2366 nihil
1676 2319 1785 2366 mali
1809 2321 1859 2367 ὅτ
1882 2317 1977 2367 falfi
2017 2318 2100 2365 illis
2123 2318 2312 2365 attribui

325 2389 478 2449 possit,
503 2389 553 2435 δε
575 2385 700 2450 quod
724 2387 771 2433 in
791 2385 926 2449 culpa
946 2401 1037 2443 non
1061 2385 1166 2442 fint,
1191 2388 1300 2449 quia
1321 2386 1533 2440 aliunde;
1559 2385 1632 2432 sed
1651 2384 1912 2449 responsum
1938 2385 2158 2440 tulerunt,
2182 2384 2310 2448 quod

326 2452 723 2515 appropriaverint
756 2451 869 2499 illud
904 2451 985 2498 fibi
1019 2466 1100 2513 per
1129 2451 1194 2506 id,
1230 2452 1359 2515 quod
1382 2451 1652 2499 crediderint
1674 2451 1717 2497 se
1741 2466 1798 2498 ex
1820 2452 1863 2498 se
1886 2453 2084 2513 cogitare
2108 2451 2158 2497 δε
2181 2465 2240 2495 ex
2265 2453 2310 2495 se

326 2517 464 2573 velle,
499 2529 547 2564 at
568 2516 608 2571 fi.
623 2514 923 2572 credidiffent,
951 2516 1063 2562 ficut
1085 2531 1150 2564 res
1174 2516 1217 2562 se
1240 2518 1390 2573 habet,
1426 2517 1553 2581 quod
1579 2529 1688 2564 tunc
1712 2532 1803 2563 non
1841 2515 1914 2562 illa
1935 2517 2015 2564 fibi
2048 2514 2311 2579 appropria-

326 2582 518 2637 viffent3
552 2596 659 2628 nam
684 2593 791 2628 tunc
818 2580 954 2628 etiam
974 2581 1259 2630 credidiffent
1280 2582 1407 2646 quod
1425 2599 1563 2631 omne
1585 2583 1763 2630 bonum
1785 2583 1833 2630 ὅτ
1851 2598 2012 2629 verum
2037 2598 2062 2628 a
2082 2581 2316 2639 Domino,

327 2648 378 2696 ’δε
402 2648 438 2696 s1>
458 2647 545 2694 hoc
565 2645 864 2703 credidissent,
897 2647 1020 2710 quod
1039 2647 1083 2695 se
1125 2646 1229 2696 duci
1263 2651 1369 2712 paffi
1408 2647 1589 2695 fuiffent
1627 2664 1653 2695 a
1698 2648 1928 2704 Domino,
1964 2651 2013 2695 δε
2049 2648 2108 2694 fic
2139 2648 2184 2692 in
2221 2647 2320 2694 alio

328 2713 447 2761 statu
469 2712 681 2766 fuiffent3
716 2713 765 2760 &
781 2724 889 2759 tunc
908 2712 1082 2761 malum
1103 2713 1225 2777 quod
1253 2714 1497 2762 intravifl‘et
1520 2714 1566 2761 in
1589 2715 1912 2775 cogitationem
1938 2715 1986 2761 δε
2006 2714 2318 2770 voluntatem,

328 2795 424 2827 non
446 2778 656 2826 affecisset
687 2776 804 2834 illos,
841 2779 1015 2840 quippe
1037 2794 1141 2826 non>
1170 2778 1375 2828 exivisset
1399 2780 1591 2836 malum,
1625 2780 1699 2826 sed
1730 2779 1936 2826 exiviffet
1973 2780 2166 2834 bonum,
2202 2795 2321 2826 nam

331 2859 441 2907 quae
462 2844 628 2893 intrant
662 2858 752 2897 non
774 2842 995 2900 afficiunt,
1045 2843 1122 2892 sed
1161 2860 1268 2908 quae
1291 2858 1471 2902 exeunt,
1507 2845 1755 2892 secundum
1782 2843 1976 2892 Domini
2016 2845 2154 2891 verba
2191 2844 2319 2908 apud

331 2910 545 2958 Marcum
565 2910 691 2971 Cap.
710 2923 785 2956 vu
808 2925 819 2955 ε
850 2924 923 2970 15.
992 2909 1061 2958 At
1082 2909 1188 2956 scire
1209 2910 1297 2957 hoc
1321 2911 1454 2958 multi
1482 2910 1684 2974 poss'unt,
1725 2909 1798 2956 sed
1823 2910 1954 2972 pauci
1977 2910 2155 2956 credere
2179 2931 2192 2964 3
2233 2909 2317 2973 qui

333 2975 441 3024 mali
463 2975 581 3030 sunt,
615 2974 755 3021 etiam
777 2974 865 3022 hoc
897 2975 1001 3022 scire
1025 2974 1227 3037 poffunt,
1260 2975 1335 3022 sed
1368 2975 1510 3039 usque
1544 2992 1636 3022 non
1665 2975 1868 3031 credunt,
1902 2991 2012 3022 nam
2050 2976 2096 3022 in
2130 2977 2325 3039 proprio

332 3041 499 3091 volunt
520 3039 624 3096 effe,
649 3041 698 3088 &
722 3041 808 3088 hoc
829 3052 984 3088 amant
1005 3039 1114 3103 usqe
1136 3040 1268 3097 adeo,
1298 3053 1352 3088 ut
1373 3056 1478 3089 cum
1504 3041 1591 3088 illis
1613 3041 1862 3089 ostenditur
1883 3042 2010 3105 quod
2036 3041 2191 3088 influat
2215 3058 2319 3089 ‹vm-

334 3121 410 3163 ne‚
447 3106 492 3155 in
523 3105 798 3154 anxietatem
822 3108 1026 3163 veniant,
1062 3108 1112 3154 ὅτ
1136 3104 1424 3169 summopere
1447 3106 1671 3169 flagitent,
1705 3119 1757 3153 ut
1779 3109 1824 3154 in
1850 3108 2035 3171 proprio
2072 3106 2149 3153 suo
2191 3106 2329 3156 liceat

335 3173 400 3219 eis
420 3171 589 3228 vivere,
598 3171 656 3219 ·&
674 3171 705 3218 fi
731 3171 777 3218 id
796 3171 882 3220 illis
902 3170 1167 3228 auferretur,
1185 3173 1312 3235 quod
1332 3189 1421 3220 non
1439 3172 1634 3236 amplius
1658 3174 1810 3219 vivere
1825 3174 2029 3236 poffent3
2054 3173 2113 3220 ita
2132 3172 2330 3220 credunt:

336 3236 473 3287 etiam
497 3236 561 3286 illi
585 3238 666 3303 qui
690 3236 848 3289 sciunt.
920 3238 1046 3289 Haec
1068 3237 1189 3288 dista
1205 3237 1322 3299 sunt,
1357 3251 1410 3287 ut
1433 3238 1610 3298 sciatur,
1643 3240 1884 3303 quomodo
1901 3240 1943 3288 se
1967 3254 2036 3287 res
2057 3238 2193 3284 habet
2212 3253 2333 3284 cum

1424 3303 1471 3352 F
2038 3302 2148 3352 socie
2156 3302 2340 3366 tatibusj
