2742 3718
0 3558 18 3718 -νυ-μν--Ἳ-
0 3532 5 3542 ν
0 3470 6 3509 ...-
0 3404 2 3406 ⁴
0 3353 6 3381 ⁷„

548 236 1596 319 CAPUT²÷TRIGESIMUM
1643 224 2151 316 TERTIUM.
2256 249 2382 340 169

400 374 638 436 talia'vera
657 402 686 436 3.
707 380 936 428 derivatur
968 377 1107 427 etiam
1129 393 1226 425 vox
1251 377 1327 426 illa
1363 394 1388 425 a
1421 394 1549 434 voce,
1584 393 1694 442 quae
1725 379 1947 441 fignificat
1984 393 2166 434 verum,
2205 377 2382 427 Psalm:

405 459 491 500 nx:
517 450 564 500 6.
635 449 711 497 De
729 444 1049 510 conjunffion‘e
1072 445 1180 492 bo'ni
1203 460 1311 492 cum
1336 443 1422 490 illis
1442 446 1572 499 veris,
1608 444 1780 492 dicetur
1803 445 1917 492 infra
1939 448 1992 492 n:
2017 460 2165 506 4402.

433 514 724 577 ³440'1.‘Et
761 512 915 562 statuit
939 513 1002 560 ibi
1037 512 1192 568 altare,
1227 510 1356 576 quod
1386 510 1608 574 fignificet
1627 511 1798 558 cultum
1823 509 2307 568 interioremsconstat
2328 527 2387 559 ex

402 580 736 646 significatione
758 579 947 628 statuere
970 578 1123 635 altare}
1156 578 1283 642 quod
1306 575 1362 624 fit
1382 576 1531 624 cultus
1551 598 1566 631 ;
1600 575 1736 622 altare
1757 577 1879 625 enim
1919 591 2012 626 erat
2034 577 2282 641 principale
2320 594 2387 625 re-

403 649 778 714 praesenta'tivum
792 644 1017 702 Domini,
1053 660 1082 692 n
1103 661 1115 691 ε
1139 660 1252 707 921.
1282 658 1427 706 2777.
1450 646 1540 691 281
1557 661 1599 696 1,
1636 640 1742 688 inde
1765 643 1906 690 etiam
1932 644 2181 709 principale
2201 645 2352 692 cultus
2372 665 2387 698 3

405 731 488 780 per
500 715 678 763 cultum
701 715 773 763 hic
796 712 1069 776 intelligitur
1090 712 1240 758 cultus
1261 709 1447 758 interior
1464 725 1522 757 ex
1546 707 1725 755 Divino
1748 707 1997 772 Spirituali‚
2022 711 2079 757 de
2097 727 2185 776 qua
2209 726 2254 757 re
2270 727 2391 758 nunc

404 781 452 830 se
485 782 624 830 uitur.

425 879 430 882 >
452 798 621 908 q4402.
659 844 725 893 Et
742 844 924 906 vocavit
941 843 989 891 id
1015 843 1076 892 El
1097 842 1247 890 Elohe
1263 841 1410 896 Israel,
1443 839 1572 904 quod
1591 839 1818 903 significet
1853 856 1910 888 ex
1931 841 2106 889 Divino
2132 843 2388 906 Spirituali‚

404 909 576 976 nempe
597 912 746 959 cultus
765 911 967 964 interior,
1002 908 1178 956 constat
1212 923 1271 955 ex
1294 908 1626 971 significatione
1649 906 1712 954 ΕΙ
1738 906 1906 964 Elohe,
1943 907 2001 953 de
2040 925 2132 972 qua
2157 911 2359 973 sequitur
2376 933 2392 966 ;

403 980 457 1028 δε
479 989 540 1027 ex
569 976 900 1040 fignificatione
923 974 1070 1030 Israel,
1104 974 1230 1036 quod
1257 974 1310 1022 fit
1330 973 1578 1039 spirituale,
1612 973 1673 1020 de
1693 988 1784 1036 qua
1809 989 1861 1021 n:
1889 975 2035 1034 4286.
2056 989 2201 1036 4292.
2272 977 2395 1025 Cum

404 1045 493 1101 his,
526 1059 635 1108 quae
658 1058 684 1090 a
706 1041 850 1090 Versu
881 1055 935 1102 17
962 1039 1092 1104 hujus
1116 1038 1292 1105 Capitis
1317 1042 1408 1088 huc
1429 1040 1574 1105 usque
1597 1039 1719 1087 dic'ta
1741 1039 1856 1098 sunt,
1892 1041 1952 1087 ita
1975 1040 2017 1087 se
2042 1040 2206 1088 habet:
2242 1044 2396 1102 agitur

404 1112 453 1159 in
487 1110 575 1157 hoc
597 1110 756 1172 Capite
781 1108 827 1155 in
857 1105 991 1170 ‹se-nsu
1021 1106 1236 1171 supremo
1263 1107 1322 1155 de
1347 1107 1575 1164 Domino,
1607 1107 1848 1171 quomodo
1873 1105 1975 1170 Ipse
2001 1107 2220 1155 Naturale
2244 1107 2395 1167 suum,

406 1176 642 1229 Divinum
666 1175 862 1228 fecerat·‚
914 1173 988 1220 sed
1013 1176 1123 1238 quia
1148 1174 1220 1221 illa
1242 1190 1350 1237 quae
1384 1176 1432 1221 in
1456 1173 1583 1220 sensu
1607 1173 1824 1235 supremo
1848 1172 1946 1222 sunt
1968 1174 2025 1219 de
2052 1174 2283 1230 Domino,
2320 1191 2398 1222 ex-

405 1243 579 1305 cedunt
595 1269 598 1277 ·
616 1241 741 1303 ideas
761 1240 1054 1304 cogitationis
1077 1240 1294 1301 hominis,
1330 1239 1432 1288 sunt
1453 1239 1580 1287 enim
1615 1239 1803 1296 Divina,
1839 1239 1944 1287 licet
1979 1240 2196 1288 illustrare
2220 1241 2296 1288 illa
2319 1258 2400 1304 per

406 1302 531 1365 talia,
565 1322 678 1373 quae
701 1308 890 1371 propius
911 1307 1084 1355 'cadunt
1107 1308 1153 1354 in
1173 1307 1312 1364 ideas,
1349 1321 1517 1370 nempe
1540 1321 1620 1369 per
1643 1305 1690 1352 id
1720 1305 1964 1370 quomodo
1991 1307 2224 1354 Dominus
2248 1307 2401 1355 Natu·

407 1373 726 1423 nale-hominis
746 1385 1015 1437 regenerat3
1050 1374 1110 1422 de
1133 1373 1473 1438 regeneratione
1501 1372 1626 1420 enim
1652 1371 1851 1421 hominis
1873 1374 2026 1437 quoad
2051 1371 2144 1437 ejus
2178 1374 2402 1424 Naturale

411 1441 458 1489 in
477 1440 604 1490 sensu
627 1442 806 1488 interno
829 1439 904 1487 hic
925 1440 1067 1488 etiam
1089 1439 1256 1503 agitur,
1292 1456 1400 1488 nam
1430 1439 1737 1504 Regeneratio
1761 1439 1961 1488 hominis
1983 1439 2049 1487 est
2079 1441 2238 1502 imago
2261 1441 2403 1503 glori·

410 1508 632 1557 ficationis
657 1506 876 1564 Domini,
911 1523 971 1554 n:
998 1510 1143 1570 3138.
1171 1521 1316 1569 3²¹2-
1341 1506 1488 1570 3296.
1527 1522 1676 1568 3490,
1712 1506 1946 1553 Dominus
1985 1506 2110 1553 enim
2151 1507 2401 1555 secundum

394 1574 621 1626 ..ordinem
654 1574 886 1622 Divinum
909 1572 954 1623 se
975 1572 1269 1637 glorificavit,
1304 1573 1392 1622 hoc
1415 1572 1495 1628 est,
1538 1572 1766 1620 Divinum
1804 1572 1928 1629 fecit,
1962 1573 2013 1620 &
2035 1587 2225 1636 quoque
2248 1573 2402 1621 secun-

410 1639 527 1688 dum
559 1640 698 1687 talem
737 1639 966 1695 ordinem,
1002 1639 1243 1686 hominem
1266 1651 1511 1702 regenerat,
1548 1637 1636 1684 hoc
1676 1637 1758 1693 est,
1793 1637 2027 1685 coelestem
2050 1639 2102 1685 &
2124 1638 2401 1700 spiritualem

413 1703 524 1752 facit
541 1725 558 1758 ·‚
591 1704 680 1752 ‘hic
716 1704 958 1767 quomodo
999 1703 1296 1766 spiritualem,
1354 1719 1460 1750 nam
1501 1702 1629 1750 Israel
1668 1702 1892 1765 fignificat
1929 1704 2062 1750 illum
2082 1720 2093 1750 ε
2146 1704 2404 1767 Spiritualis

415 1770 563 1818 homo
588 1784 683 1817 non
704 1768 770 1815 est
794 1768 980 1816 interior
1002 1767 1232 1817 rationalis
1270 1769 1434 1826 homo,
1470 1768 1546 1816 sed
1586 1769 1771 1816 interior
1793 1769 2026 1824 naturalis;
2062 1769 2246 1817 interior
2268 1771 2403 1820 ratio·

415 1836 526 1885 nalis
543 1835 690 1883 homo
728 1833 794 1882 est
813 1834 897 1897 qui
937 1846 1128 1883 vocatur
1151 1834 1378 1891 coelestis;
1412 1850 1522 1898 quae
1543 1834 1800 1883 differentia
1823 1835 1877 1883 fit
1900 1836 2015 1883 inter
2039 1835 2318 1899 spiritualem
2351 1839 2403 1887 &

413 1899 648 1950 coelestem
672 1900 931 1957 hominem,
966 1900 1128 1964 saepius
1150 1902 1276 1965 prius
1303 1901 1483 1949 dietum
1517 1900 1613 1955 est;
1650 1901 1794 1949 homo
1833 1900 2075 1966 spiritualis
2114 1903 2170 1950 fit
2206 1918 2289 1966 per
2333 1903 2401 1962 id,

408 1967 545 2033 quod
566 1966 690 2031 apud
715 1965 851 2015 illum
873 1965 1213 2030 conjungantur
1235 1982 1339 2016 vera
1360 1978 1470 2015 cum
1493 1967 1633 2023 bono,
1670 1966 1758 2013 hoc
1786 1966 1866 2025 est,
1905 1968 1978 2015 illa
2017 1984 2123 2032 quae
2155 1968 2253 2018 sunt
2294 1970 2403 2018 fidei

415 2050 528 2082 cum
551 2031 640 2080 iuis
653 2047 761 2097 quae
795 2031 899 2080 sunt
919 2033 1166 2092 charitatis,
1203 2034 1254 2081 &
1279 2034 1365 2082 hoc
1400 2033 1448 2081 in
1468 2031 1674 2082 Naturali
1693 2032 1808 2098 ejus,
1845 2033 1909 2081 ibi
1932 2033 2275 2095 conjunguntur
2308 2037 2404 2100 pri-

415 2115 548 2149 mum
570 2114 674 2146 vera
690 2099 912 2163 exteriora
933 2114 1043 2147 cum
1066 2100 1211 2157 bono,
1246 2101 1299 2148 &
1321 2099 1429 2148 dein
1454 2115 1558 2147 vera
1579 2099 1792 2148 interiora
1812 2122 1827 2156 ;
1861 2100 1919 2148 de
1936 2099 2251 2166 conjuntfitione
2270 2117 2404 2149 vero-

415 2180 519 2216 rum
541 2163 817 2214 exteriorum
842 2165 889 2212 in
912 2164 1104 2214 naturali
1142 2166 1297 2213 aelum
1329 2166 1394 2214 est
1426 2167 1472 2214 in
1496 2165 1583 2213 hoc
1606 2166 1768 2228 Capite
1806 2183 1837 2214 a
1855 2167 2000 2215 Versu
2019 2170 2049 2216 ἰ
2079 2167 2134 2215 ad
2161 2182 2238 2229 17,
2272 2169 2323 2216 δε
2345 2169 2403 2216 de

413 2231 738 2293 conjunetione
761 2246 976 2286 verorum
1012 2232 1275 2281 interiorum
1297 2247 1407 2281 cum
1429 2232 1570 2289 bono,
1606 2249 1634 2280 a
1656 2232 1798 2280 Versu
1830 2247 1887 2295 17
1911 2233 1968 2281 ad
1992 2235 2131 2282 finem
2154 2251 2164 2280 :
2199 2250 2305 2282 vera
2330 2234 2402 2281 in-

416 2298 581 2348 teriora
603 2314 696 2346 non
732 2298 859 2347 aliter
875 2301 1220 2363 conjunguntur
1240 2315 1349 2347 cum
1373 2300 1514 2356 bono,
1548 2315 1692 2363 quam
1718 2315 1798 2363 per
1821 2299 2167 2348 illustrationem
2191 2299 2402 2348 influent-

419 2380 495 2412 em
518 2380 600 2430 per
619 2365 855 2413 Internum
880 2365 1118 2413 hominem
1144 2366 1190 2412 in
1215 2366 1495 2422 Externum,
1529 2381 1586 2414 ex
1604 2365 1894 2413 illustratione
1917 2367 1992 2413 illa
2015 2378 2172 2430 patent
2193 2381 2293 2414 vera
2312 2367 2401 2414 Di-

416 2430 526 2494 vina
547 2445 640 2477 non
664 2430 746 2477 nifi
767 2445 906 2492 quam
935 2431 1259 2487 communiter,
1293 2432 1604 2494 comparative
1634 2431 2034 2495 quemadmodum
2057 2430 2232 2491 objeeta
2267 2433 2401 2479 innu-

417 2495 654 2543 merabilia
676 2496 814 2541 oculo
827 2495 938 2542 ficut
953 2511 1101 2541 unum
1124 2496 1366 2543 obscurum
1389 2497 1556 2560 absque
1579 2495 1868 2544 distinetione
1889 2518 1902 2550 ;
1938 2497 2040 2558 haec
2063 2494 2314 2553 illustratio,
2336 2514 2397 2546 ex

419 2575 515 2625 qua
530 2575 636 2607 vera
659 2573 751 2606 non
775 2559 858 2606 nisi
878 2573 1017 2622 quam
1039 2563 1348 2608 communiter
1370 2573 1605 2625 apparent,
1638 2561 1884 2625 significata
1908 2562 1972 2609 est
1996 2576 2078 2627 per
2103 2561 2237 2611 Esavi
2260 2565 2398 2610 verba

419 2626 479 2674 ad
497 2622 725 2686 Jacobum
759 2631 792 2654 “
816 2625 1019 2674 Statuam
1041 2626 1199 2691 quaeso
1218 2642 1325 2674 cum
1350 2640 1394 2674 te
1415 2628 1474 2675 de
1492 2625 1669 2691 populo
1692 2627 1925 2683 mecum?
1962 2630 2110 2692 &per
2132 2628 2398 2692 responsum

423 2691 589 2757 Jacobi
624 2699 658 2726 ‘-‘
681 2691 836 2756 Qare
859 2692 959 2748 hoc,
995 2692 1225 2741 inveniam
1241 2694 1433 2757 gratiam
1453 2694 1498 2741 in
1518 2693 1660 2741 oculis
1680 2692 1821 2751 tuis,''
1853 2696 1911 2743 de
1926 2695 2087 2758 quibus
2110 2694 2320 2744 videatur
2342 2712 2397 2743 n:

423 2761 572 2821 4385.
597 2757 763 2820 438-6;
794 2757 926 2820 quod
955 2757 1186 2821 Spirituali
1225 2759 1402 2808 homini
1443 2759 1497 2809 fit
1538 2759 1779 2808 obscurum
1819 2761 2083 2825 respeeiive,
2118 2761 2322 2810 videatur
2343 2779 2400 2810 n:

425 2825 570 2887 2708.
599 2824 908 2886 2715.271-6.
935 2826 1082 2889 2718.
1105 2829 1248 2887 283¹·
1277 2828 1421 2891 2849.
1450 2841 1594 2889 ²935·
1620 2840 1766 2890 2937.
1790 2842 1936 2888 3²41·
1959 2827 2103 2887 3246.
2129 2829 2398 2894 33333spi·

424 2888 597 2937 ritualis
619 2889 693 2936 hic
711 2889 854 2936 homo
870 2888 935 2936 est
956 2891 1037 2954 qui
1060 2891 1397 2953 repraesentatur
1416 2907 1498 2955 per
1521 2891 1744 2949 Israelem,
1780 2907 1837 2938 n:
1861 2893 2019 2951 4286:
2055 2892 2291 2957 spiritualis
2315 2894 2398 2942 ho·

425 2970 509 3004 mo
529 2954 696 3003 dicitur
717 2969 775 3002 ex
797 2970 867 3011 eo,
900 2956 1028 3019 quod
1052 2955 1135 3003 lux
1156 2955 1282 3014 cmii,
1319 2958 1366 3004 in
1389 2968 1479 3021 qua
1500 2957 1567 3004 est
1587 2957 1880 3020 intelligentia
1898 2959 1947 3004 δε
1972 2959 2201 3027 sapientia,
2236 2959 2401 3009 influat

429 3020 477 3068 in
500 3021 576 3068 illa
597 3019 706 3085 qua}
728 3019 826 3068 sunt
848 3021 958 3069 lucis
980 3022 1143 3086 mundi
1168 3023 1286 3086 apud
1305 3023 1561 3079 hominem,
1596 3023 1646 3071 &c
1674 3023 1805 3071 faciat
1837 3037 1887 3071 ut
1911 3025 1985 3073 illa
2023 3042 2131 3090 quae
2161 3027 2263 3075 sunt
2287 3027 2399 3078 lucis

428 3086 537 3133 coeli
559 3085 927 3151 repraesententur
943 3088 990 3135 in
1023 3088 1092 3135 his
1115 3104 1223 3153 quae
1246 3085 1478 3137 sunt'lucis
1500 3089 1682 3145 mundi,
1716 3102 1859 3155 utque
1895 3090 1954 3139 fic
1983 3091 2398 3159 correspondeant3

427 3151 658 3216 spirituale
674 3153 800 3200 enim
825 3155 869 3202 in
887 3153 931 3201 se
955 3154 1207 3216 speetatum
1229 3155 1293 3203 est
1317 3155 1412 3221 ipsa
1433 3156 1604 3204 Divina
1628 3156 1734 3203 Lux
1756 3172 1865 3219 quae
1887 3173 1912 3203 a
1942 3159 2169 3216 Domino,
2205 3176 2239 3223 p
2264 3185 2291 3199 -›
2312 3164 2401 3206 nde

428 3217 730 3292 intelligentia
747 3221 861 3279 veri,
895 3220 1076 3271 &inde
1095 3220 1308 3288 sapientia
1328 3243 1346 3279 ς
1400 3221 1475 3272 sed
1494 3221 1582 3339 ,linx
1605 3220 1680 3273 illa
1712 3223 1836 3290 apud
1859 3223 2135 3290 spiritualem
2160 3226 2271 3275 hon
2294 3241 2402 3271 nem

419 3298 421 3300 ’
531 3324 534 3325 ⁷
2251 3290 2413 3343 incidit

1493 3344 1543 3353 ...Α
