2742 3718
486 191 819 273 CAPUT
865 164 2102 299 TRIGESIMUM÷<ocT-AVUM.
2194 197 2339 280 411·

345 334 450 392 ifle,
477 333 541 380 ita
563 330 766 394 lignum,
801 318 1022 390 lapidem,
1056 339 1234 380 aurum,
1269 314 1528 385 argentum,
1551 332 1736 386 panem,
1761 309 1936 385 ignem,-
1966 323 2017 371 &
2040 320 2128 370 hoc
2151 320 2335 372 interint}

346 399 456 466 quia
473 396 690 462 jehovah
714 395 759 442 in
784 393 887 450 illis,
921 392 997 439 seu
1021 389 1375 456 quod'sanffitas
1392 389 1594 449 'Jehovae
1638 388 1727 435 illis
1761 388 1982 453 applioeta
1999 387 2250 437 'actualiter
2286 389 2337 438 in'

351 458 444 515 inis>
483 463 618 512 fuerit
638 481 655 517 3
692 460 780 507 hoc
805 470 963 506 verum
985 471 1148 504 eorum
1173 456 1402 502 internum
1426 455 1508 511 est,
1543 454 1669 517 quod
1696 466 1847 502 tamen
1871 454 2117 519 respective
2141 453 2303 504 falsum
2320 455 2339 511 3⁴

349 531 558 583 sanctum
576 527 701 576 enim
723 525 875 573 solum
897 522 1011 571 inest
1033 523 1158 574 bono
1180 521 1231 570 δε
1247 535 1375 578 vero,
1410 521 1536 584 quod
1560 536 1587 567 a
1610 521 1819 568 Domino
1850 521 1914 568 est
1936 522 1983 569 in
2018 527 2174 570 amore
2191 522 2236 568 in
2257 524 2335 586 Ip-

352 599 522 647 sum&
545 596 590 643 in
614 607 769 642 amore
785 605 894 653 erga
915 589 1203 653 proximum,
1235 599 1374 652 atque
1397 585 1504 635 inde
1542 587 1589 633 in
1614 586 1724 641 fide,
1759 587 1820 633 ita
1860 604 1953 635 non
1992 589 2074 635 nifi
2111 603 2252 651 quam
2290 589 2337 636 in

307 663 318 668 “
350 665 488 720 νίνίε,
529 662 618 710 hoc
636 659 717 717 est,
751 657 798 705 in
827 654 1093 704 hominibus
1121 656 1203 718 qui
1233 654 1458 715 recipiunt
1497 651 1568 700 illa
1613 668 1637 699 a
1662 653 1887 701 Domino.
1958 655 2005 702 Si
2047 654 2130 703 illis
2152 655 2338 711 dicitur,

348 729 478 796 quod
502 725 699 775 Ecclesia
721 722 971 771 Christiana
993 722 1046 771 fit
1068 737 1157 768 una
1177 720 1495 768 cum‘Ecclefia
1514 735 1623 784 quae
1644 719 1770 782 apud
1793 720 1893 767 illos
1913 720 2112 770 instituta
2134 721 2239 778 fuit,
2263 721 2345 769 sed

352 797 485 861 quod,
505 792 656 842 illafit
679 791 867 846 interna,
903 789 1005 836 haec
1025 799 1178 835 autem
1200 786 1348 835 fuerat
1368 798 1570 843 externa,
1606 785 1666 833 fic
1687 796 1743 832 ut
1762 794 1884 834 vcurn
1911 786 2109 835 Ecclesia
2144 787 2264 850 apud
2290 785 2344 834 il-

352 863 424 911 los
447 860 644 908 instituta
665 856 847 905 exuitur
867 854 1062 903 externis
1094 855 1151 901 δῖ’
1164 853 1375 909 nudatur,
1410 864 1626 916 appareat
1650 851 1920 909 Christiana,
1958 853 2045 900 hoc
2085 869 2174 900 non
2199 869 2343 915 agno-

352 928 483 976 scunt
504 925 633 973 aliter
654 939 704 970 ac
726 922 942 977 scortum,
979 920 1068 967 hoc
1106 918 1187 975 est,
1223 918 1385 965 falsum
1405 939 1421 973 ·,
1473 917 1547 964 sed
1572 918 1716 980 usque
1737 918 1885 980 plures
1909 934 2066 966 eorum
2091 920 2171 984 qui
2209 936 2234 967 a
2258 921 2343 981 Ju-

351 993 528 1042 daismo
549 990 605 1038 ad
630 987 1021 1037 Christianistnum
1055 995 1400 1039 convertuntur,
1434 999 1546 1032 cum
1585 982 1665 1030 illo
1703 998 1814 1031 vero
1853 984 1897 1031 se
1927 984 2232 1049 conjungunt,
2267 986 2344 1033 sed

352 1066 539 1123 quoque
578 1072 637 1105 ex
684 1055 771 1102 tale
823 1052 1025 1101 libidine.
1094 1049 1232 1100 Talia
1283 1050 1331 1097 in
1369 1049 1527 1097 Verbo
1581 1048 1750 1113 pluries
1783 1064 2002 1099 vocantur
2041 1053 2346 1102 scortationes.

357 1126 506 1193 Qud
540 1135 695 1171 autern
722 1120 825 1167 iilos
851 1117 1031 1174 attinet,
1067 1111 1229 1230 ἓιέἰάίῐι
1253 1116 1413 1164 Verbo
1429 1115 1741 1178 significantur
1761 1132 1845 1180 per
1867 1117 2098 1173 Babelem,
2136 1120 2168 1166 ii
2190 1120 2349 1168 simili-

353 1203 425 1240 ter
449 1188 729 1238 considerant
748 1199 856 1232 vera
877 1184 1052 1250 interna
1181 1183 1300 1240 esiae‚
1335 1181 1409 1230 sed
1442 1182 1551 1247 quia
1589 1181 1621 1228 ii
1656 1195 1822 1230 norunt
1862 1182 2051 1241 interna,
2085 1187 2136 1234 δε
2156 1202 2347 1252 quoque

356 1258 406 1305 in
430 1255 622 1320 pueritia
644 1250 891 1315 agnoscunt
908 1249 998 1307 illa,
1033 1249 1097 1296 ast
1131 1250 1177 1296 in
1214 1249 1365 1296 adulta
1398 1261 1529 1297 aetate
1565 1258 1750 1310 negant,
1785 1248 2095 1298 describuntur
2119 1253 2164 1299 in
2191 1253 2349 1302 Verbo

353 1338 439 1390 per
459 1320 579 1369 faeda
597 1317 837 1373 adulteria,
870 1318 921 1365 δε
945 1315 1161 1364 nefandos
1192 1315 1476 1374 concubitu3‚
1511 1330 1616 1362 nam
1651 1314 1750 1362 sunt
1773 1318 2169 1378 prophanationes.

424 1388 573 1451 4869.
612 1385 742 1452 Qia
765 1390 856 1432 non
883 1382 1014 1432 novit
1035 1381 1165 1447 quod
1188 1395 1326 1430 nurus
1348 1380 1442 1443 ejus
1466 1380 1557 1439 illa,
1591 1380 1719 1445 quod
1755 1380 1979 1443 fignificet
1999 1385 2128 1447 quod
2157 1400 2247 1432 non
2273 1402 2354 1450 ap-

358 1454 613 1522 penciperet
655 1465 811 1500 verum
847 1448 1064 1498 Ecclefiae
1086 1447 1381 1512 Respec'tivae
1412 1446 1517 1503 effe,
1551 1446 1724 1495 constat
1761 1463 1819 1494 ex
1841 1449 2168 1511 fignificatione
2198 1467 2354 1510 nuruS,

358 1521 484 1588 quod
509 1519 563 1567 fit
586 1517 802 1567 Eoelefiae
823 1531 988 1564 verum
1009 1513 1280 1577 adjunctum
1321 1512 1418 1575 ejus
1441 1514 1584 1572 bono,
1621 1513 1682 1561 de
1724 1529 1817 1577 qua
1855 1531 1910 1562 n:
1934 1518 2062 1579 4843
2087 1538 2101 1570 3
2136 1519 2262 1581 quod
2299 1520 2354 1567 fit

335 1594 532 1635 'verum
555 1584 772 1632 Ecclesiae
810 1581 1192 1644 representativae,
1226 1579 1355 1644 quod
1390 1579 1684 1642 significatur,
1718 1579 1784 1626 est
1804 1583 1913 1644 quia
1952 1598 2033 1645 per
2051 1583 2356 1643 Thamarem,

358 1668 471 1718 quae
510 1651 583 1698 hic
603 1648 761 1704 nuru‘S,
796 1646 1137 1709 repraesentatur
1159 1645 1359 1693 Ecclesia
1382 1644 1773 1709 Repraesentativa
1808 1645 2108 1710 spiritualium
2132 1651 2182 1697 δι
2215 1650 2356 1698 coele-
2452 1680 2456 1683 -

360 1719 517 1774 stium,
553 1732 616 1832 ἲς
639 1719 786 1779 4829.
809 1715 936 1778 4831
962 1730 975 1760 ε
1009 1711 1068 1761 de
1091 1711 1163 1760 his
1185 1710 1425 1779 videantur
1461 1726 1570 1776 quae
1591 1712 1723 1776 supra
1747 1728 1803 1759 n:
1844 1714 1992 1778 4865.
2017 1716 2166 1777 4866.
2202 1719 2355 1777 4868,

361 1783 534 1835 ostensa
576 1795 672 1833 unt.

430 1853 579 1914 4870.
614 1848 678 1897 Et
698 1847 832 1905 dixit,
866 1846 982 1913 quid
1001 1848 1081 1896 das
1113 1847 1230 1896 mihi
1266 1846 1394 1914 quod
1417 1845 1574 1894 venias
1602 1845 1662 1894 ad
1688 1861 1780 1902 me,
1814 1847 1941 1910 quod
1982 1848 2208 1910 significet
2246 1865 2358 1898 con·
2427 1884 2429 1886 -

355 1916 609 1983 junfitionis
632 1914 913 1979 reciprocum
936 1930 1046 1964 cum
1068 1914 1351 1973 conditione,
1385 1913 1560 1963 constat
1583 1928 1641 1960 ex
1664 1911 1991 1974 fignificatione
2010 1917 2159 1962 venire
2182 1916 2238 1963 ad
2263 1932 2358 1973 me,

364 1983 494 2048 quod
517 1984 572 2032 fit
591 1980 870 2047 conjunstim
905 1980 964 2028 de
1000 1997 1088 2047 qua
1107 1997 1166 2028 n:
1191 1985 1338 2041 4820.
1364 1980 1493 2042 4868
1516 2000 1532 2035 ς
1567 1980 1695 2044 quod
1720 1979 1773 2027 stt
1806 1981 2087 2044 reciprocum
2119 1998 2225 2030 cum
2245 1998 2359 2031 con-

363 2050 555 2106 ditione,
592 2047 759 2112 abstlue
778 2048 1087 2111 explicatione
1109 2059 1253 2111 patet.

431 2118 582 2178 4871.
620 2113 688 2161 Et
718 2113 854 2170 dixit,
888 2123 980 2175 ego
1012 2116 1198 2162 mittam
1226 2112 1421 2163 haedum,
1453 2125 1689 2174 caprarum
1713 2111 1770 2160 de
1793 2126 1950 2175 grege,
1985 2114 2110 2178 quod
2137 2115 2362 2176 fignificet

367 2180 541 2246 pignus
563 2177 915 2241 conjunctionis,
948 2178 1120 2226 constat
1143 2193 1202 2225 ex
1225 2179 1553 2241 significatione
1571 2177 1692 2224 haedi
1710 2193 1964 2241 caprarum,
2001 2182 2127 2243 quod
2153 2182 2204 2230 fit
2230 2181 2362 2230 inno-

366 2246 512 2296 centia
535 2245 708 2293 externi
730 2244 806 2293 stu
832 2243 1048 2293 naturalis
1071 2244 1287 2300 hominis,
1322 2245 1380 2292 de
1400 2258 1493 2309 qua
1517 2259 1573 2291 n:
1601 2259 1628 2306 3
1637 2258 1729 2307 2319
1750 2265 1764 2298 ;
1799 2245 1850 2292 &
1871 2244 1978 2306 quia
2002 2246 2065 2294 est
2088 2248 2361 2305 innocentia,

367 2313 435 2361 est
457 2312 627 2376 pignus
648 2309 819 2359 amoris
835 2308 1122 2374 conjugialis,
1157 2309 1229 2359 seu
1254 2310 1421 2373 pignus
1443 2307 1794 2373 conjunctionis,
1829 2326 1962 2359 amor
1982 2313 2105 2360 enim
2129 2314 2364 2378 conjugia·-

368 2379 426 2426 lis
440 2378 665 2440 genuinus
687 2375 755 2421 est
775 2376 1048 2431 innocentia,
1067 2375 1275 2423 videatur
1297 2392 1356 2422 n:
1384 2376 1540 2439 2736:
1566 2375 1672 2422 inde
1694 2387 1790 2422 erat
1810 2390 2043 2438 receptum
2069 2381 2127 2426 ab
2143 2381 2363 2443 antiquis,

370 2458 483 2491 cum
503 2442 719 2488 intrarent
738 2455 765 2486 e
788 2453 915 2487 novo
936 2439 992 2486 ad
1017 2453 1182 2486 uxores
1205 2439 1320 2495 suas,
1355 2441 1485 2503 quod
1509 2439 1838 2502 praemitterent
1868 2441 2052 2489 hae‘dum
2088 2460 2327 2507 caprarum
2348 2468 2365 2501 ς

371 2521 426 2557 ut
455 2521 641 2572 quoque
678 2517 803 2571 patet
832 2505 890 2552 ab
924 2504 1013 2552 inis
1047 2519 1157 2569 quae
1189 2504 1247 2552 de
1278 2505 1485 2553 simsone
1507 2517 1817 2552 memorantur
1850 2504 1895 2552 in
1933 2506 2083 2555 Libro
2119 2510 2362 2570 Judicum,

372 2581 413 2606 “
438 2574 477 2622 F
478 2573 635 2622 aEturn
657 2571 722 2619 est
744 2570 848 2636 post
866 2570 983 2627 dies,
1021 2570 1067 2618 in
1098 2570 1258 2618 diebus
1281 2573 1431 2619 meffis
1465 2570 1616 2626 tritici,
1653 2579 1703 2617 ut
1722 2571 1921 2633 visitaret
1942 2574 2172 2636 Scimfihon
2194 2593 2363 2624 uxorem

363 2640 492 2704 suam
523 2654 617 2687 cum
649 2636 767 2686 haedo
788 2649 1054 2699 caprarum;
1087 2635 1207 2684 dixit
1230 2652 1447 2702 namque,
1487 2636 1658 2684 intrabo
1695 2636 1756 2684 ad
1788 2654 1957 2686 uxorem
1990 2656 2123 2689 meam
2165 2645 2213 2690 in
2250 2658 2364 2690 con-

374 2703 556 2762 clave,'’
593 2719 688 2752 xv:
720 2722 738 2753 1
761 2720 773 2749 t
808 2703 891 2751 hic'
907 2703 1128 2759 similiter,
1164 2702 1237 2750 sed
1259 2706 1369 2766 quia
1392 2703 1551 2751 haedus
1573 2719 1801 2766 caprarum
1828 2706 2070 2768 promiffus
2095 2725 2187 2758 non
2211 2726 2365 2774 accep-

373 2771 538 2820 tandus
559 2781 669 2827 erat,
703 2768 962 2838 postulabat
990 2770 1200 2818 Thamar
1233 2770 1548 2819 arrhabonem.
1617 2770 1791 2834 Pignus
1813 2770 2144 2832 conjunctionis
2175 2768 2360 2834 dicitur,

377 2854 481 2911 non.
495 2837 665 2901 pignus
685 2833 961 2898 conjugiale,
993 2836 1100 2898 quia
1121 2851 1149 2884 a
1171 2834 1298 2899 parte
1331 2837 1530 2898 Jehudae
1553 2848 1646 2884 erat
1667 2836 1928 2901 conjunctio
1959 2840 2105 2902 qualis
2126 2856 2236 2890 cum
2268 2860 2364 2892 me-

375 2916 551 2953 tetrice.
906 2950 909 2955 ,
1778 2916 1802 2938 ’ψ

446 2972 596 3032 4872.
632 2967 698 3016 Et
718 2966 855 3024 dixit,
890 2968 923 3015 fi
946 2967 1025 3015 des
1048 2967 1164 3016 mihi
1187 2969 1484 3018 arrhabonem
1516 2971 1653 3034 uique
1676 2970 1730 3017 ad
1758 2969 1935 3018 mittere
1966 2981 2029 3029 te,
2064 2973 2191 3037 quod
2222 2975 2365 3039 ligni-

382 3035 490 3083 ficet
526 3033 810 3098 reciprocum
831 3034 866 3082 fi
887 3035 1129 3091 certitudo,
1162 3034 1348 3097 constat·
1369 3036 1426 3082 ab
1461 3035 1550 3082 illis
1582 3052 1690 3100 quae
1727 3035 1920 3098 supra-a
1952 3028 2185 3088 Thamffe
2223 3042 2341 3091 dieta

380 3107 419 3166 ξ
440 3099 554 3163 quid
574 3100 653 3151 das
670 3100 790 3170 mihi
813 3100 938 3164 quod
963 3101 1116 3171 genias
1139 3100 1197 3152 ad
1221 3099 1350 3160 me,''
1369 3102 1515 3215 Ιὲῃὲοςί
1539 3101 1791 3166 fignificent
1812 3097 2146 3168 conjunctionis'
2167 3082 2363 3173 recipros

1477 3172 1496 3214 1
1542 3184 1567 3216 2
2024 3196 2027 3197 ⁷
2252 3193 2360 3226 cum
