2742 3718
410 146 581 276 98'
783 186 2002 258 GENESIS.

407 323 511 386 ejus,
536 322 860 384 fortefhstipiet
873 321 1011 382 facies
1034 335 1159 367 meas.
1229 322 1292 368 Et
1319 321 1519 381 trarfivit
1541 335 1688 368 munus
1711 330 1813 368 ante
1827 323 1936 378 ciem,
1971 321 2027 370 69⁹
2046 324 2085 369 is
2101 327 2379 385 pernortavit'

405 389 453 431 in
470 392 582 433 noste
599 389 671 434 illa
695 390 738 432 in
761 385 918 443 castris,
987 386 1050 432 Et
1062 387 1252 447 fitrrexit
1268 389 1311 434 in
1327 390 1440 433 noble
1454 387 1545 443 illa,
1581 386 1636 435 ἔθ’
1657 389 1813 448 accepit
1829 387 1949 434 binas
1959 389 2161 450 faeminas
2167 395 2286 451 suas,
2310 391 2366 439 ἔθ’
2387 411 2391 416 ’

405 451 533 498 binas
546 452 721 498 ancillas
729 453 851 512 suas,
891 449 946 498 ἔθ’
968 449 1158 498 undecim
1177 462 1293 499 natos
1305 453 1420 514 suos,
1467 453 1523 502 ἅθ’
1562 452 1765 511 transivit
1786 453 2014 510 traiifitum
2039 455 2236 513 Jabbock,
2306 459 2370 504 Et

409 521 568 580 accepit
583 518 688 571 illos,
728 516 782 564 ἔθ’
805 517 984 575 transire
989 517 1102 578 fecit
1123 517 1213 565 illos
1231 518 1439 580 fluvium,
1478 519 1533 566 ὅθ’
1555 518 1736 576 transtre
1741 518 1854 580 fecit
1875 518 2070 581 quaesibi.
2139 521 2285 568 Dedit
2317 523 2364 568 in

410 599 597 630 manum
619 581 844 628 servorum
865 582 1044 629 suorum
1066 595 1289 630 catervam
1314 597 1542 631 catervam
1567 583 1760 639 seorsim,
1798 584 1847 630 δε
1864 584 1982 630 dixit
1998 583 2054 631 ad
2079 583 2226 631 servos
2249 586 2366 644 suos,

411 647 587 693 transite
613 659 714 694 ante
741 663 833 704 me,
870 649 919 695 δε
945 648 1136 710 spatium
1161 649 1336 711 ponatis
1361 651 1476 695 inter
1498 662 1720 696 catervam
1740 649 1790 695 &
1815 649 1928 696 inter
1950 662 2196 704 catervam,
2234 650 2370 713 figni-

409 712 510 758 ficat
529 713 860 760 ordinationem
878 714 1112 775 quomodo
1138 714 1442 761 initiarentur:
1478 715 1527 761 δε
1553 715 1765 776 piaecepit
1789 713 1957 776 primo,
1995 714 2206 772 dicendo,
2242 718 2371 779 quod

404 778 645 826 occurrerit
669 778 750 826 tibi
774 778 894 827 Esau
918 778 1050 828 frater
1067 795 1212 836 meus,
1247 781 1297 827 δε
1320 780 1658 843 interrogaverit
1674 792 1734 835 te,
1767 779 1980 837 dicendo,
2013 780 2087 827 cui
2112 793 2179 837 tu,
2202 782 2251 829 &
2275 797 2370 846 quo

407 845 553 900 vadis,
589 844 792 901 &diceS,
829 845 955 892 servo
979 859 1059 892 tuo
1083 847 1275 906 Jacob0‚
1311 862 1477 893 munus
1508 848 1593 893 hoc
1616 844 1800 893 missum
1835 845 2027 894 domino
2060 861 2163 895 meo
2195 847 2367 905 Esavo,
2415 892 2416 895 ,

407 910 458 958 ὅτ
474 925 572 958 ecce
590 912 724 957 etiam
745 910 780 958 is
800 911 900 985 post
925 926 1022 968 nOS,
1056 911 1278 974 significat
1300 911 1634 959 submiffionem
1655 927 1666 957 :
1702 911 1753 958 δε
1771 914 1986 975 praecepit
2002 910 2141 959 etiarn
2157 912 2368 970 secundo,

405 977 542 1023 etiam
568 976 715 1032 tertio,
751 988 888 1039 etiam
911 976 1125 1023 omnibus
1147 977 1357 1024 euntibus
1380 977 1707 1039 postcatervaS,
1741 976 1951 1032 dicendo,
1988 977 2231 1026 secundum
2264 995 2364 1026 ver-

406 1042 519 1091 bum
546 1041 630 1088 hoc
645 1042 896 1103 loquemini
919 1043 974 1089 acl
994 1042 1196 1089 Esavum
1216 1041 1261 1088 in
1287 1043 1557 1090 inveniendo
1572 1058 1654 1090 vos
1676 1057 1800 1096 eum,
1817 1041 2041 1103 fignificat
2062 1045 2330 1092 continuum
2352 1063 2364 1094 :

406 1108 457 1154 &
482 1107 634 1155 dicetis
657 1110 806 1164 etiam,
842 1123 942 1156 ecce
980 1107 1132 1155 servus
1154 1122 1259 1155 tuus
1282 1108 1426 1167 Jacob
1458 1108 1559 1173 post
1581 1123 1678 1164 ηοε,
1714 1107 1820 1172 quia
1841 1107 1975 1164 dixit,
2011 1109 2205 1171 expiabo
2224 1110 2370 1158 ,facies

408 1172 519 1236 ejuS,
556 1173 673 1221 forte
711 1173 917 1237 suscipiet
938 1172 1070 1220 facies
1093 1189 1229 1229 meaS‚
1263 1174 1484 1237 significat
1517 1173 1891 1237 praeparationem
1930 1174 1986 1221 ad
2025 1174 2282 1238 sequentia:
2318 1177 2368 1224 ὅτ,

409 1239 608 1286 transivit
631 1254 797 1287 munus
815 1251 917 1286 ante
940 1254 1064 1297 eum,
1101 1239 1321 1303 fignificat
1338 1239 1553 1287 effectum
1573 1259 1584 1288 ι
1620 1240 1670 1287 &
1694 1239 1729 1287 is
1763 1238 2047 1302 pernoftavit
2068 1239 2116 1286 in
2137 1241 2269 1288 nocte
2293 1241 2370 1289 illa.

409 1305 456 1352 in
479 1304 643 1361 castris,
678 1305 899 1367 fignificat
915 1320 1022 1369 quae
1038 1305 1313 1367 sequuntur:
1349 1307 1399 1353 δε
1417 1306 1598 1355 surrexit
1623 1306 1668 1352 in
1693 1305 1823 1353 nocte
1847 1305 1939 1361 illa,
1974 1306 2025 1353 &
2047 1307 2221 1368 accepit
2245 1307 2370 1355 binas

407 1369 615 1417 faeminas
633 1371 744 1427 suaS,
780 1371 967 1420 &binas
990 1371 1164 1419 ancillas
1178 1371 1289 1428 suas,
1324 1372 1373 1420 ὅτ
1392 1371 1604 1419 undecim
1629 1383 1756 1419 natos
1773 1370 1889 1426 sum,
1925 1372 1975 1419 δε
1993 1371 2193 1419 transivit
2216 1372 2369 1420 tranfi-

407 1448 506 1483 tum
534 1437 763 1499 Jabbock,
799 1437 1018 1500 fignificat
1040 1436 1384 1484 insinuationem
1401 1436 1596 1500 primam
1614 1436 1909 1484 affeetionum
1926 1438 2020 1483 veri
2037 1452 2144 1498 cum
2167 1438 2283 1487 veris
2299 1453 2370 1486 ac-

406 1502 580 1564 quisuis
607 1524 621 1557 ;
655 1502 855 1550 transitus
872 1501 1100 1562 Jabbock,
1135 1502 1199 1550 est
1222 1503 1458 1551 infinuatio
1483 1505 1657 1566 prima:
1693 1504 1742 1550 δε
1759 1501 1930 1564 accepit
1953 1502 2070 1559 illos,
2107 1503 2157 1550 δε
2190 1503 2370 1552 transire

407 1566 519 1613 fecit
542 1566 641 1616 illos
664 1568 878 1625 fluvium,
914 1569 963 1616 &
1006 1568 1184 1615 transire
1223 1564 1347 1624 fecit,
1382 1583 1487 1631 quae
1510 1568 1608 1626 fibi,
1645 1567 1864 1630 fignificat
1901 1567 2157 1616 ulteriorem
2180 1568 2371 1618 infinua-

409 1645 598 1681 tionem.
1689 1678 1692 1682 .

475 1699 623 1758 4266.
660 1698 802 1746 Dedit
825 1699 871 1746 in
903 1713 1091 1746 manum
1121 1697 1351 1750 servorum
1376 1697 1559 1747 suorum
1582 1709 1806 1747 catervam
1825 1707 2053 1748 catervam
2087 1696 2284 1755 seorsim,
2319 1700 2396 1749 δι’

410 1763 528 1812 dixit
552 1766 605 1811 ad
622 1765 767 1812 servos
783 1764 900 1821 su08,
933 1766 1109 1812 transite
1132 1777 1233 1812 ante
1253 1783 1344 1822 me,
1379 1765 1429 1812 &
1447 1764 1635 1828 spatium
1656 1766 1830 1829 ponatis
1852 1767 1968 1815 inter
1989 1776 2213 1812 catervam
2231 1766 2280 1813 δε
2303 1767 2373 1812 in-

390 1830 392 1837 ’
411 1843 481 1877 ter
503 1844 746 1885 catervam,
781 1830 907 1893 quod
925 1830 1146 1891 significet
1163 1830 1492 1880 ordinationem
1517 1831 1756 1894 quomodo
1793 1831 2084 1885 initiarentur,
2118 1830 2289 1892 constat
2311 1846 2371 1878 ex

411 1895 732 1958 significatione
749 1894 853 1942 dare
872 1896 916 1941 in
936 1911 1144 1953 manum,
1182 1898 1308 1959 quod
1333 1898 1387 1945 sit
1403 1895 1615 1943 instruere
1637 1895 1854 1958 potentia,
1880 1895 2015 1960 *quod
2034 1910 2192 1943 manus
2209 1895 2262 1943 fit
2284 1911 2373 1959 po·

410 1963 568 2019 tentia,
593 1961 796 2008 videatur
818 1977 871 2008 n:
899 1965 1009 2024 878.
1036 1977 1180 2025 3091.
1200 1967 1342 2029 3387.
1370 1962 1492 2024 3563
1513 1982 1527 2016 ;
1560 1977 1617 2009 ex
1631 1961 1951 2024 significatione
1973 1960 2219 2017 servorum,
2241 1961 2372 2026 quod

413 2029 498 2079 fint
514 2028 588 2075 illa
610 2042 717 2090 quae
734 2026 835 2075 sunt
851 2027 1059 2075 naturalis
1077 2028 1292 2085 hominis,
1325 2029 1383 2077 de
1400 2043 1488 2091 qua
1509 2042 1563 2075 n:
1590 2042 1734 2092 3019.
1759 2041 1908 2091 3020,
1944 2028 2099 2076 omnia
2122 2027 2244 2073 enirn
2262 2041 2371 2090 quae

414 2093 515 2142 sunt
538 2093 743 2141 naturalis
766 2092 838 2140 seu
857 2095 1032 2141 externi
1049 2094 1247 2141 hominis
1266 2094 1551 2142 subordinata
1574 2093 1676 2140 sunt
1702 2093 1916 2157 spirituali
1935 2092 2009 2140 seu
2028 2091 2204 2139 interno
2224 2091 2374 2141 homi-

415 2160 480 2216 ni,
519 2159 622 2207 inde
635 2158 790 2206 omnia
806 2158 991 2221 quaeibi
1009 2159 1108 2206 sunt
1122 2158 1364 2222 respthive
1382 2159 1576 2215 servitia,
1610 2159 1660 2206 ὅτ
1683 2170 1905 2208 vocantur
1937 2157 2050 2206 servi
2072 2177 2086 2213 ;
2121 2172 2179 2204 ex
2203 2155 2372 2219 fignifi-

412 2227 589 2273 catione
606 2235 814 2281 cate-rvae,
848 2224 975 2287 quod
992 2223 1078 2272 sint
1095 2224 1348 2283 scientifica,
1383 2237 1484 2273 tum
1506 2223 1806 2287 cognitiones,
1829 2223 1889 2271 ita
1910 2222 2186 2280 doetrinalia,
2209 2222 2266 2269 de
2285 2238 2374 2287 qua

417 2308 477 2339 n:
506 2293 648 2354 3767.
672 2290 816 2352 3768,
853 2290 952 2339 haec
973 2290 1197 2354 quamdiu
1235 2293 1282 2338 in
1317 2289 1500 2339 naturali
1531 2289 1606 2336 seu
1639 2303 1829 2338 externo
1851 2289 2057 2347 homine,
2092 2288 2180 2335 hoc
2208 2287 2289 2346 est,
2325 2287 2375 2335 in

413 2357 510 2420 ejus
531 2355 751 2404 memoria
767 2355 881 2411 sunt,
915 2356 1183 2406 &nondum
1200 2356 1462 2421 implantata
1483 2354 1695 2418 spirituali
1718 2356 1794 2404 seu
1815 2355 1992 2404 interno
2008 2355 2200 2410 homini,
2233 2353 2373 2416 signi--

415 2425 608 2475 ficantur
620 2437 698 2484 per
714 2436 906 2470 catervas
919 2422 1043 2469 datas
1059 2421 1105 2468 in
1123 2437 1313 2472 manum
1331 2423 1558 2470 servorum
1578 2442 1592 2476 ;
1615 2437 1671 2470 ex
1685 2421 2005 2483 significatione
2019 2419 2220 2476 seorsim,
2243 2418 2375 2482 quod

417 2489 473 2536 sit
491 2490 734 2551 unicuique
758 2487 1003 2536 secundum
1025 2487 1189 2544 claffes,
1224 2501 1302 2536 aut
1325 2487 1567 2548 secundum
1589 2501 1749 2548 genera
1771 2488 1821 2535 δε
1844 2487 2008 2551 species
2027 2507 2042 2541 ς
2077 2500 2134 2533 ex
2154 2483 2373 2548 fignifica-

416 2558 541 2602 tione
560 2554 735 2602 transire
757 2566 859 2600 ante
878 2570 969 2610 me,
1005 2555 1055 2601 &
1088 2553 1281 2617 spatium
1305 2568 1472 2618 ponere
1506 2555 1624 2600 inter
1645 2564 1871 2600 catervam
1894 2554 1944 2601 ὅτ
1966 2566 2207 2608 catervam,
2241 2549 2371 2614 quod

416 2622 470 2672 fit
493 2635 739 2684 praeparare
759 2618 883 2665 viam
897 2619 954 2665 ad
975 2619 1151 2667 bonum
1173 2621 1296 2683 quod
1312 2621 1597 2683 reciperetur,
1632 2633 1734 2665 nam
1771 2618 1827 2667 de
1843 2618 2094 2682 receptione
2116 2618 2224 2664 boni
2246 2632 2271 2662 a
2293 2630 2371 2662 ve-

417 2702 485 2742 ro,
521 2687 569 2733 &
591 2687 647 2731 de
665 2683 981 2748 conjunffione
1005 2700 1163 2731 eorum
1184 2686 1229 2732 in
1266 2686 1452 2734 naturali
1477 2683 1662 2731 homine
1696 2684 1767 2731 hic
1797 2686 1978 2746 agitur:
2014 2699 2070 2730 ex
2091 2680 2274 2745 singulis
2298 2680 2368 2726 his

416 2766 558 2814 patet,
594 2751 718 2813 quod
738 2766 815 2813 per
832 2751 986 2799 omnia
1009 2749 1084 2797 illa
1109 2751 1152 2798 in
1167 2751 1400 2798 communi
1424 2750 1693 2812 significetur
1715 2749 1940 2797 ordinatio
1962 2748 2196 2811 quomodo
2220 2744 2367 2792 initia-

416 2831 582 2865 rentur.
652 2816 794 2877 Quod
819 2816 1116 2863 initiationem
1154 2819 1251 2863 veri
1286 2817 1331 2863 in
1355 2817 1527 2864 bonum
1570 2815 1616 2861 in
1641 2815 1831 2862 naturali
1856 2815 2041 2862 homine
2079 2811 2256 2864 attinet,
2291 2809 2366 2856 illa

417 2882 662 2932 nullatenus
687 2882 742 2928 ad
765 2895 949 2945 captum
973 2883 1140 2945 exponi
1164 2881 1326 2945 potest,
1363 2883 1505 2929 homo
1527 2882 1650 2930 enim
1675 2881 1885 2929 Ecclefiae
1908 2879 2058 2933 hodie,
2092 2893 2147 2924 ne
2176 2874 2367 2938 quidem

415 2949 545 2994 novit
568 2947 674 3009 quid
686 2947 886 2994 Internus
906 2947 978 2995 seu
1003 2948 1255 3010 Spiritualis
1286 2948 1429 2995 horno
1445 2947 1523 3004 est,
1560 2946 1735 2994 tametsi
1772 2946 1829 2992 de
1853 2946 1930 2997 illo
1953 2943 2112 3005 saepius
2146 2941 2365 3004 loquitur,

415 3028 497 3058 nec
520 3013 649 3058 novit
670 3011 795 3074 quod
813 3028 971 3060 verum
991 3013 1262 3073 initiandum
1285 3013 1338 3060 fit
1371 3015 1494 3060 bono
1517 3013 1563 3059 in
1584 3012 1790 3059 Externo
1820 3009 1893 3055 seu
1917 3007 2123 3056 Naturali
2162 3006 2364 3062 homine,

412 3091 462 3124 ut
478 3079 553 3124 fiat
570 3077 710 3123 homo
735 3077 946 3124 Ecclesiae
967 3099 982 3133 3
1016 3079 1166 3126 minus
1181 3079 1309 3142 quod
1327 3079 1474 3141 aliqua
1497 3077 1723 3124 ordinatio
1755 3092 1781 3122 a
1797 3074 2001 3120 Domino
2039 3074 2093 3120 fit
2116 3071 2160 3119 in
2184 3071 2261 3119 illo
2283 3071 2366 3121 ho-

408 3144 550 3201 mine,
586 3156 638 3194 ut
661 3142 737 3191 fiat
754 3140 1009 3209 conjunetio
1030 3142 1123 3208 ejus
1143 3159 1250 3193 cum
1273 3143 1484 3200 Intern03
1521 3142 1618 3190 haec
1641 3155 1745 3206 quae
1757 3137 2120 3192 communissima
2142 3137 2258 3194 sunt,
2285 3137 2364 3250 ἓξ)-

2061 3221 2071 3229 „
2324 3217 2364 3251 ie
