2742 3718
562 205 894 289 CAPUT
940 205 1614 295 TRIGESIMUM
1658 208 2116 285 PRIMUM.
2269 231 2377 305 *327

360 340 530 406 ‚ianam
546 342 872 406 expreflionem
889 341 1168 404 significatur
1189 342 1388 398 coeleste,
1423 343 1513 392 hoc
1534 343 1616 401 est,
1650 343 1698 391 id
1719 343 1852 409 quod
1867 344 2035 392 amoris
2060 345 2134 393 seu
2149 344 2258 393 boni
2282 348 2370 405 est,

383 404 437 454 δε
454 423 533 470 per
554 408 741 456 alteram
762 406 1006 472 spirituale,
1042 407 1128 456 hoc
1151 406 1275 455 estid
1299 409 1425 472 quod
1450 409 1558 457 fidei
1573 410 1800 458 charitatis
1819 410 1891 458 seu
1913 410 2005 457 veri
2025 411 2119 465 est3
2154 412 2259 459 inde
2282 429 2366 477 pa-

379 482 466 528 tet,
502 473 742 537 quomodo
764 471 1031 538 conjugium
1050 473 1253 530 caeleste,
1290 473 1378 521 hoc
1400 473 1480 530 est,
1518 475 1736 535 Regnum
1756 476 1950 527 Domini
1988 476 2054 525 est
2097 477 2144 524 in
2174 477 2363 542 singulis

382 534 547 596 Verbi,
583 555 634 587 ac
655 539 702 587 in
726 538 938 604 supremo
960 538 1084 586 sensu
1102 539 1252 602 ipsum
1276 538 1561 602 Conjugium
1588 541 1838 598 Divinum,
1873 541 1948 589 seu
1972 542 2226 605 quinuse

449 608 596 668 4138.
633 605 686 653 In
705 605 1060 668 tympano&in
1094 604 1277 660 cithara,
1312 607 1438 668 quod
1474 605 1696 667 significet
1718 607 1870 670 quoad
1905 609 2082 655 bonum
2116 609 2360 672 spirituale,

376 686 549 735 nempe
583 670 750 719 statum
786 670 834 718 in
867 686 961 734 quo
992 685 1099 719 tunc
1116 687 1175 719 ex
1191 673 1382 735 proprio
1406 671 1663 720 credidisset
1685 671 1811 735 quod
1835 671 1982 720 fuiffet
2005 674 2157 736 quoad
2185 675 2361 736 bonum

374 735 511 792 illud,
545 735 719 785 constat
741 751 799 784 ex
820 751 894 793 ee,
928 737 1050 800 quod
1074 750 1349 802 tympanum
1371 738 1423 786 &
1439 737 1610 787 cithara
1627 737 1928 802 praedicentur
1947 739 2002 785 de
2023 742 2162 796 bone,
2200 741 2273 788 sed
2299 742 2357 789 de

374 803 498 851 bono
522 800 760 864 spirituali,
794 814 846 850 ut
877 818 936 850 ex
957 801 1163 866 pluribus
1200 802 1314 850 locis
1339 803 1383 850 in
1403 803 1575 850 Verbo.
1592 802 1790 851 constare
1816 804 1960 866 potest
1982 826 1996 857 ς
2032 805 2204 854 bonum
2230 807 2360 870 spiri-

374 868 498 917 tuale
519 866 594 917 est-
617 868 743 932 quod
781 879 972 915 vocatur
993 867 1164 916 bonum
1198 866 1324 924 fidei,
1360 867 1517 932 estque
1539 868 1759 921 charitas3
1796 869 1976 916 bonum
1995 869 2171 918 coeleste
2205 885 2359 922 autem

371 934 452 991 est,
486 931 609 996 quod
633 944 824 980 vocatur
840 933 1016 982 bonum
1037 932 1220 989 amoris,
1260 931 1413 998 estque
1436 949 1569 982 amor
1587 935 1633 982 in
1653 934 1914 982 Dominum
1937 956 1951 990 ;
1987 935 2088 982 sunt
2108 937 2210 983 bina
2229 938 2356 1002 Reg-

372 1016 430 1048 na
454 998 648 1047 Domini
670 999 716 1046 in
740 997 886 1055 coelis,
921 1015 1064 1047 unum
1083 1011 1272 1047 vocatur
1297 1000 1524 1064 Regnum
1546 1000 1727 1048 coeleste
1750 999 1908 1064 Ipsius,
1946 1001 1994 1047 &
2028 1001 2072 1047 in
2098 1002 2178 1050 illo
2195 1003 2296 1051 sunt
2319 1004 2354 1051 ii

369 1066 451 1127 qui
474 1065 523 1112 in
545 1079 701 1128 amore
726 1064 773 1112 in
789 1065 1050 1112 Dominum
1070 1065 1190 1124 sunt,
1226 1065 1275 1112 δε
1298 1065 1490 1114 alterum
1509 1065 1677 1114 dicitur
1696 1066 1917 1130 Regnum
1942 1065 2180 1129 spirituale,
2220 1070 2269 1116 δε
2305 1071 2354 1117 in

366 1130 451 1179 illo
475 1129 578 1180 sunt
597 1130 680 1195 qui
704 1131 750 1179 in
768 1130 979 1179 charitate
995 1146 1101 1195 erga
1123 1130 1390 1198 proximum
1411 1131 1511 1180 sunt
1537 1153 1551 1187 ;
1585 1130 1686 1182 haec
1701 1131 1866 1194 Regna
1883 1131 2211 1180 distinctiffima
2230 1135 2354 1191 sunt5

366 1197 444 1244 std
465 1196 607 1261 usque
628 1195 677 1244 in
699 1196 831 1244 coelis
854 1213 1000 1245 unum
1023 1210 1199 1261 agunt;
1232 1197 1290 1245 de
1314 1197 1538 1246 distinctis
1562 1196 1650 1245 illis
1671 1196 1872 1261 RegniS‚
1905 1198 1981 1245 seu
2004 1197 2061 1245 de
2079 1198 2269 1247 Coelesti
2300 1202 2352 1248 δε

363 1261 618 1326 Spirituali,
651 1261 891 1311 videantur
913 1278 1020 1327 quae
1043 1263 1165 1326 prius
1189 1262 1421 1312 multoties
1442 1263 1566 1311 dicta
1588 1264 1706 1314 sunt.
1764 1263 1896 1311 Olim
1921 1263 1969 1311 in
1987 1261 2200 1312 Ecclefiis
2223 1266 2353 1313 adhi-

362 1329 586 1378 bebantur
631 1328 759 1378 varia
797 1343 959 1393 genera
998 1328 1400 1378 instrumentorum
1435 1329 1731 1385 musicorum,
1765 1325 1881 1376 ficut
1912 1341 2147 1394 tympana,
2184 1332 2356 1388 nablia,

363 1394 508 1452 tibiae,
543 1394 744 1450 citharae,
779 1395 1090 1452 decachordia‚
1126 1397 1176 1444 ὅτ,
1200 1395 1330 1459 plura
1367 1395 1470 1451 alia,
1504 1395 1720 1459 quaedam
1759 1391 1947 1444 illorum
1982 1396 2270 1460 pertinebant
2292 1400 2355 1445 ati

361 1461 543 1509 claffem
565 1459 839 1519 coelestium,
876 1460 1092 1527 quaedam
1115 1474 1270 1509 autem
1292 1461 1351 1509 ad
1368 1460 1546 1510 claffem
1581 1460 1896 1526 spiritualium,
1931 1461 2033 1510 haec
2054 1477 2162 1510 cum
2198 1464 2350 1511 nomi-

359 1539 525 1589 nantur
545 1526 594 1575 in
609 1525 782 1584 Verbo,
821 1527 1063 1577 involvunt
1086 1527 1211 1586 talia,
1246 1526 1535 1591 usqueadeo,
1567 1539 1617 1576 ut
1640 1526 1746 1576 inde
1763 1526 1862 1574 sciri
1880 1528 2033 1591 poffit,
2068 1528 2126 1575 de
2143 1543 2346 1591 quonam

356 1593 482 1642 bono
499 1592 666 1656 agitur,
701 1609 814 1640 num
837 1593 1000 1641 scilicet
1015 1593 1074 1641 de
1090 1594 1214 1642 bono
1238 1592 1474 1656 spirituali,
1511 1594 1589 1641 vel
1605 1610 1724 1640 num
1746 1593 1804 1641 de
1826 1594 1951 1641 bono
1969 1592 2143 1640 coelesti
2165 1615 2180 1648 ;
2215 1607 2342 1656 tym-

358 1673 478 1720 pana
501 1659 551 1706 &
585 1658 770 1705 citharae
787 1658 1071 1720 pertinebant
1093 1659 1151 1704 ad
1169 1658 1350 1706 claffem
1374 1657 1700 1721 spiritualium,
1734 1669 2015 1722 quapropter
2050 1658 2125 1705 hic
2154 1659 2345 1717 dieitur,

357 1722 512 1786 quoad
528 1723 702 1770 bonum
720 1721 980 1786 spirituale,
1018 1723 1145 1785 quod
1169 1722 1336 1771 cithara
1357 1721 1632 1786 praedicetur
1671 1723 1731 1771 de
1755 1722 2078 1786 spiritualibuS,
2121 1723 2172 1771 δε
2209 1727 2343 1788 quod

354 1804 439 1852 per
458 1787 750 1834 instrumenta
766 1787 1011 1835 chordacea
1032 1788 1341 1852 significentur
1364 1787 1626 1851 spiritualia,
1662 1787 1738 1835 sed
1775 1803 1859 1853 per
1881 1787 2102 1853 inflatoria
2125 1787 2346 1849 coelestia',

356 1853 564 1900 videatur
586 1867 642 1898 n.-
666 1854 782 1910 418.
820 1868 932 1914 419.
956 1869 1073 1912 420.
1247 1897 1250 1899 .

420 1933 568 1982 4139,
602 1916 667 1964 Et
685 1932 778 1965 non
801 1917 1041 1981 permisisti
1062 1918 1232 1981 oculari
1256 1918 1372 1966 filios
1395 1934 1540 1977 meos,
1575 1918 1626 1967 &
1649 1916 1763 1967 filias
1781 1931 1930 1976 meaS,
1960 1919 2089 1984 quod
2115 1917 2349 1985 significet

354 1982 710 2050 disjunctionem
733 1998 790 2030 ex
812 1982 932 2032 statu
952 1984 1096 2033 libero
1116 1983 1366 2033 secundum
1389 1984 1531 2032 fidem
1556 1984 1664 2032 boni
1690 1985 1840 2040 illius}
1874 1987 2050 2033 constat
2086 2002 2145 2034 ex
2165 1985 2345 2051 signifi.

252 2085 255 2087 -
352 2053 530 2100 catione
558 2047 756 2105 osculari,
791 2050 919 2114 quod
961 2048 1016 2098 fit
1049 2048 1313 2115 conjunctio
1351 2066 1410 2098 ex
1431 2050 1688 2107 affectione,
1723 2051 1782 2098 de
1811 2066 1904 2114 qua
1927 2066 1956 2097 n
1976 2067 1988 2097 ε
2010 2066 2155 2116 3573.
2185 2072 2209 2116 3
2217 2071 2338 2116 574.

349 2120 496 2180 3800,
523 2114 628 2164 inde
647 2130 734 2162 non
752 2115 1012 2178 permittere
1033 2114 1219 2164 osculari
1255 2116 1320 2166 est
1351 2114 1624 2179 disjuncti03
1658 2132 1718 2164 ex
1747 2115 2076 2180 significatione
2109 2118 2341 2178 filiorum,

346 2182 475 2246 quod
498 2182 584 2230 fint
606 2196 733 2239 vera,
764 2182 814 2231 &
836 2181 1054 2239 filiarum,
1088 2182 1215 2247 quod
1248 2183 1335 2231 fint
1358 2182 1494 2239 bona,
1533 2182 1590 2229 de
1613 2183 1780 2246 quibus
1817 2181 2058 2246 aliquoties
2100 2185 2237 2246 prius,
2274 2187 2341 2234 ita

345 2246 592 2311 disjunctio
613 2247 771 2311 quoad
792 2262 898 2295 vera
920 2248 972 2296 &
994 2249 1143 2303 bona;
1177 2249 1304 2313 quod
1339 2264 1397 2296 ex
1428 2247 1543 2296 statu
1578 2247 1719 2296 libero
1755 2248 2004 2296 secundum
2041 2249 2186 2298 fidem
2223 2253 2340 2301 bonir

346 2313 484 2372 illius,
518 2313 787 2370 involvitur,
821 2313 878 2360 de
901 2329 998 2378 quo
1020 2313 1224 2362 videatur
1245 2314 1371 2380 prius
1395 2331 1452 2362 n:
1478 2314 1627 2377 47136.
1653 2329 1804 2377 4137,
1893 2342 1895 2345 -
2215 2340 2221 2381 j

410 2395 560 2441 4140.
594 2378 736 2426 Nunc
758 2378 894 2426 stulte
916 2379 1047 2441 egisti
1070 2378 1300 2438 faciendo,
1329 2381 1455 2446 qpod
1487 2380 1712 2445 fignificet
1735 2380 2132 2442 indignationem„
2158 2383 2344 2432 constat

339 2458 402 2492 ex
424 2445 675 2499 affectione,
710 2461 818 2507 quae
840 2444 886 2492 in
906 2445 992 2493 illis
1014 2447 1182 2496 verbis..
1838 2475 1842 2479 -

408 2526 560 2569 4141.
595 2509 663 2556 Sit
687 2508 790 2569 Deo
814 2525 973 2557 manus
996 2526 1105 2559 mea·
1121 2510 1178 2558 ad
1211 2510 1474 2560 faciendum
1497 2524 1606 2560 cum
1632 2509 1762 2559 vobis
1800 2509 1991 2569 malum,
2029 2511 2155 2576 quod
2193 2512 2335 2576 signi}-

341 2574 447 2622 ficet
469 2573 791 2638 indignationis
811 2574 976 2624 statum
998 2577 1035 2624 fi
1056 2576 1097 2623 ei
1121 2578 1351 2642 potentia,
1369 2577 1543 2625 constat
1564 2591 1625 2623 ex¹
1641 2575 1966 2639 fignificatione
1990 2593 2164 2633 manus,
2202 2580 2335 2642 quocf

340 2641 394 2689 fit
418 2641 636 2705 potentia,
671 2639 727 2686 de
749 2647 841 2703 qua
864 2657 924 2687 n:
954 2645 976 2691 8
986 2645 1104 2706 78..3
1114 2646 1237 2707 387³
1271 2643 1400 2707 quod
1422 2641 1746 2706 indignationis
1771 2641 1906 2691 status
1928 2644 2006 2699 sit,
2034 2645 2079 2690 in
2110 2658 2205 2706 quo
2229 2643 2335 2693 haeo·

337 2706 478 2762 dicta,
514 2707 564 2754 ὅτ
587 2707 668 2768 qui
691 2705 794 2753 inde
817 2706 1116 2768 fignificatur,
1144 2721 1282 2772 patet.
2197 2740 2202 2742 -

404 2788 561 2832 4142..
591 2771 654 2818 E't
679 2771 805 2833 Deus
829 2772 964 2835 patris
986 2773 1120 2823 vestri
1143 2774 1274 2822 noste
1298 2776 1524 2839 praeter-i'ta
1561 2775 1681 2824 dixit
1717 2774 1774 2821 ad
1811 2788 1903 2829 me,
1937 2774 2069 2838 quod
2103 2771 2338 2837 significet·

337 2838 464 2902 quod
489 2853 582 2884 non
603 2835 868 2900 permissum
899 2852 924 2883 a
956 2838 1158 2897 Divino,
1184 2841 1382 2888 constare
1420 2839 1568 2904 potest
1589 2841 1772 2905 absque*
1794 2839 2118 2901 explicatione,
2152 2840 2331 2890 inhibi-

336 2914 440 2953 tum
464 2904 588 3016 enitin
619 2899 772 2976 eiofui't
794 2901 841 2950 in
862 2902 1047 2959 somnio
1075 2905 1203 2970 loqui
1223 2906 1279 2954 ad
1303 2906 1534 2968 Iacobum
1573 2923 1597 2954 a
1620 2907 1753 2955 bono
1780 2904 1923 2968 usque
1955 2904 2012 2952 ad
2036 2906 2232 2964 malum,
2268 2920 2332 2956 ut:

371 2985 432 3020 ‚uo
467 2985 525 3017 ue
568 2985 590 3015 e
628 2980 766 3016 uitur.
897 3019 902 3022 ,

334 2985 370 3033 q
397 2985 545 3095 4‘1143.
581 2985 809 3091 sistendo,
834 3049 942 3082 cave
965 3035 1048 3084 tibi
1070 3052 1096 3084 a
1114 3036 1477 3100 loquendo-cum
1488 3036 1666 3100 Jacobo
1688 3053 1714 3084 a
1730 3033 1855 3084 bono
1878 3034 2016 3100 usque
2040 3035 2106 3084 adv
2123 3038 2328 3096 malum,

332 3100 462 3164 quod
485 3100 703 3170 significet
725 3099 1045 3152 inhibitionem
1063 3105 1509 3164 communicationiS,
1546 3103 1719 3153 constat
1741 3117 1766 3151 a
1784 3101 2153 3166 fignificationel
2221 3104 2268 3156 ui
2293 3120 2330 3152 aa

726 3175 729 3177 ’
2227 3180 2338 3221 ωηο
