2690 3692
407 121 1978 248 16qGENESIS.

396 309 612 357 obscuro:
647 310 697 358 ὅτ
714 309 849 366 dixit,
875 307 982 355 tolle
999 305 1154 371 quaeso
1170 304 1320 354 oculos
1339 317 1457 362 tuos,
1482 306 1703 368 fignificat
1720 307 2050 358 advertentiam
2070 324 2127 358 ex
2143 312 2355 376 proprio:

400 376 451 422 ὅτ
474 376 580 421 vide
624 391 783 421 ornnes
817 375 963 419 hircos
1007 371 1292 419 ascendentes
1334 372 1462 435 super
1484 386 1673 432 gregem
1706 375 1976 435 variegatos,
2013 376 2270 438 ρυῃόὶειῖοε,
2305 381 2356 427 &

399 441 703 502 grandinatos‚
722 439 940 500 fignificat
958 435 1082 500 quod
1108 437 1211 484 talia
1231 438 1641 485 introducerentur:
1668 440 1775 501 quia
1785 440 1881 485 vidi
1899 454 2036 487 omne
2052 442 2177 504 quod
2194 443 2356 492 Laban

396 504 503 551 facit
522 506 621 560 tibi,
659 503 874 565 fignificat
894 504 1132 565 proprium
1157 504 1266 550 boni
1284 518 1362 564 per
1377 503 1612 549 Labanem
1637 503 1893 566 significati,
1917 520 2008 550 non
2036 506 2120 552 tale
2134 519 2183 554 ut
2205 523 2262 556 ex
2288 510 2353 556 se:

399 570 507 630 Ego
527 572 653 618 Deus
670 569 880 622 Bethelis‚
914 567 1136 629 fignificat
1155 568 1384 616 Divinum
1408 568 1454 615 in
1478 568 1694 615 naturali:
1730 584 1824 631 quo
1847 570 2014 616 unxisti
2034 570 2240 628 statuam,
2265 575 2355 635 fig-

400 636 554 681 nificat
592 635 670 681 ubi
702 635 878 681 bonum
912 635 1027 689 veri,
1062 635 1113 681 &
1151 636 1372 681 terminus
1393 650 1403 678 ε
1439 649 1534 696 quo
1575 633 1740 679 vovisti
1769 635 1880 680 mihi
1916 649 2099 691 votum,
2135 637 2358 698 fignificat

399 700 633 747 sanetum:
671 715 788 747 nunc
828 700 971 760 surge,
1007 698 1234 759 fignificat
1256 698 1586 744 elevationem:
1622 698 1744 744 exie
1768 710 1879 745 terra
1903 701 1999 755 hac,
2034 701 2256 764 fignificat
2295 704 2359 750 se·

399 766 681 827 parationem
704 781 730 811 a
747 765 868 812 bono
887 764 965 811 illo
986 785 1000 818 ;
1034 765 1084 811 &
1107 776 1323 811 revertere
1340 763 1397 809 ad
1416 772 1576 810 terram
1593 763 1842 810 nativitatis
1859 778 1972 822 tuae,
2008 766 2230 829 fignificat
2253 784 2362 817 con·

393 830 674 891 junctionem
698 846 806 877 curn
832 831 1012 877 Divino
1035 830 1158 876 bono
1177 828 1284 876 veri.

465 910 559 958 4c7
569 913 613 959 3.
653 895 716 942 Et
740 895 859 943 mifit
882 895 1043 957 Jacob,
1080 896 1129 943 &
1146 893 1326 941 vocavit
1350 893 1595 941 Rachelem
1621 894 1671 942 &
1689 895 1853 954 Leam,
1889 911 2048 959 agrum
2078 898 2134 945 ad
2168 912 2357 962 gregem

399 961 550 1017 suurn,
586 962 713 1024 quod
738 961 958 1021 significet
986 959 1317 1022 adjunctionem
1340 958 1634 1006 affectionum
1667 960 1764 1007 veri
1804 977 1828 1007 a
1868 961 1992 1010 bono
2029 979 2108 1027 per
2131 963 2359 1024 Jacobum

399 1042 520 1073 nunc
561 1026 797 1081 intellecto,
834 1027 885 1073 δε
919 1025 1272 1088 applicationem
1317 1036 1425 1071 tunc
1466 1040 1575 1071 cum
1611 1024 1875 1083 discederet,
1910 1028 2083 1076 constat
2117 1046 2142 1075 a
2188 1045 2358 1093 reprae-

399 1091 647 1139 sentatione
667 1092 845 1153 Jacobi,
880 1092 1006 1154 quod
1031 1092 1085 1138 fit
1123 1091 1298 1137 bonum
1322 1090 1551 1145 naturalis,
1585 1089 1643 1136 de
1666 1106 1757 1154 qua
1790 1091 1952 1156 saepius
1976 1093 2100 1154 prius
2121 1113 2136 1147 ς
2170 1095 2221 1142 &
2242 1111 2268 1143 a
2292 1111 2360 1142 re-

399 1156 741 1218 praesentatione
766 1157 974 1203 Rachelis
998 1158 1047 1203 δε
1072 1157 1202 1212 Leae,
1238 1155 1362 1217 quod
1388 1155 1475 1202 sint
1497 1154 1756 1203 affectiones
1772 1160 1867 1204 veri
1887 1158 1952 1205 illi
1971 1159 2093 1205 bono
2110 1157 2374 1223 adjunctae„

392 1222 562 1269 Rachel
586 1221 767 1270 affeffio
785 1221 879 1269 veri
903 1221 1140 1277 interioris,
1175 1223 1224 1269 ὅτ
1249 1221 1378 1268 Lcah
1396 1220 1578 1268 affestio
1596 1223 1686 1269 veri
1704 1224 1895 1279 externi,
1931 1224 1988 1270 de
2008 1240 2099 1287 qua
2125 1240 2154 1271 n
2175 1242 2185 1270 :
2209 1229 2353 1287 3758.

401 1290 542 1349 3782.
571 1303 713 1351 3793.
741 1291 865 1350 3819
888 1308 902 1341 3
935 1287 1062 1350 quod
1089 1287 1267 1334 mittere
1290 1286 1345 1332 ad
1364 1285 1462 1333 illos
1485 1287 1535 1333 &
1559 1301 1717 1334 vocare
1735 1304 1898 1350 agrum
1916 1290 1971 1336 ad
1989 1303 2177 1351 gregem
2200 1289 2354 1348 suum,

395 1354 451 1401 fit
472 1351 715 1416 adjungere
738 1353 835 1409 fibi,
871 1364 1027 1415 patet;
1062 1367 1170 1414 ager
1206 1351 1428 1412 fignificat
1472 1351 1544 1398 illa
1567 1367 1674 1414 quae
1707 1353 1817 1400 boni
1853 1354 1974 1412 sunt,
2009 1356 2059 1402 ὅτ,
2083 1356 2159 1402 ubi
2179 1351 2368 1405 bonum

397 1434 450 1464 n:
478 1433 621 1482 2971.
649 1418 792 1481 3196.
821 1434 964 1479 3310.
992 1432 1155 1480 33173
1191 1420 1239 1464 δε
1260 1431 1372 1477 grex
1395 1417 1486 1480 ipsa
1510 1417 1627 1464 bona
1646 1419 1696 1465 δε
1717 1434 1842 1477 vera,
1878 1435 1985 1484 quae
2003 1436 2123 1467 nunc
2139 1421 2357 1485 acquisita

396 1482 516 1539 sunt,
550 1483 716 1546 quibus
738 1482 997 1530 affectiones
1021 1479 1115 1530 veri
1140 1498 1221 1545 per
1239 1482 1484 1529 Rachelem
1503 1483 1553 1530 &
1567 1482 1716 1531 Leam
1743 1484 1985 1534 intelletfitae
2007 1486 2358 1548 applicarentur,

395 1563 504 1595 cum
521 1547 793 1595 discederet:
830 1548 976 1609 Jacob
1019 1549 1066 1594 in
1100 1545 1199 1595 hoc‘
1223 1548 1383 1610 Capite
1428 1548 1713 1609 repraesentat
1751 1550 1927 1597 bonum
1947 1551 2195 1607 NaturaliS,
2229 1553 2360 1614 quod

394 1612 607 1677 proprius
629 1613 857 1659 accederet
868 1613 921 1659 ad
940 1611 1308 1675 conjunffitionem
1325 1628 1434 1659 cum
1451 1613 1655 1670 Divino‚·
1680 1614 1732 1660 n:
1756 1617 1855 1672 406
1859 1633 1906 1676 9,
1924 1617 2031 1677 quia
2049 1616 2095 1662 in
2119 1616 2359 1679 procindtu

395 1678 442 1725 se
463 1677 693 1740 separandi
711 1677 816 1734 fuit,
849 1678 899 1726 &
923 1679 969 1724 in
994 1677 1285 1740 separatione,
1320 1693 1347 1723 a
1363 1678 1487 1723 bono
1506 1692 1586 1740 per
1602 1678 1840 1730 Labanem
1857 1679 2130 1741 fignificato‚
2149 1681 2356 1730 videatur

398 1743 458 1789 de
483 1744 660 1805 Jacobo
697 1760 725 1790 n
746 1760 757 1789 :
784 1758 909 1804 3775
932 1764 946 1797 ;
982 1742 1389 1805 repraesentationes
1405 1743 1532 1788 enim
1556 1742 1598 1788 se
1621 1743 1787 1791 habent
1809 1744 2058 1793 secundum
2083 1747 2358 1795 mutationes

398 1807 538 1855 status
557 1809 709 1870 quoad
736 1809 912 1855 bonum
952 1809 1002 1854 &
1047 1823 1225 1862 verum,
1260 1822 1310 1853 ac
1334 1806 1606 1854 mutationes
1629 1808 1763 1856 status
1801 1808 2047 1856 secundum
2084 1810 2361 1860 mutationes

399 1874 646 1936 spirituum
666 1874 716 1920 δε
739 1873 1008 1936 ange-lorum
1025 1872 1104 1935 qui
1129 1872 1174 1918 in
1193 1870 1267 1919 tali
1292 1872 1475 1919 bono&
1499 1887 1606 1918 vero
1625 1871 1742 1929 sunt,
1778 1872 2027 1922 secundum
2050 1874 2125 1922 illa
2158 1890 2265 1938 quae
2287 1875 2360 1924 su·

401 1955 483 2001 pra
529 1955 582 1986 n:
624 1938 776 2001 4067,
818 1937 938 1984 dieta
968 1937 1096 1984 sunt:
1131 1953 1237 1985 curn
1261 1936 1488 1984 societates
1512 1935 1755 2001 spirituum
1786 1940 1836 1986 δε
1858 1941 2141 2002 angelorum,
2174 1957 2283 2004 quae
2305 1942 2355 1989 in

400 2005 526 2051 bono
543 2005 696 2051 medio
710 2004 828 2059 sunt,
865 2003 1096 2059 recedunt,
1133 2015 1241 2050 tunc
1258 2003 1484 2049 societates
1498 2018 1634 2050 novae
1650 2003 1881 2060 accedunt,
1906 2020 2010 2068 quae
2030 2005 2073 2051 in
2094 2005 2352 2068 perfectiori

402 2069 646 2116 bonosunt
666 2090 680 2123 3
716 2069 848 2116 status
867 2068 1064 2115 hominis
1090 2068 1262 2131 prorsus
1285 2067 1326 2113 se
1359 2067 1495 2114 habet
1517 2067 1763 2115 secundum
1787 2069 2014 2118 societates
2037 2070 2280 2133 spirituum
2303 2073 2355 2121 δε

402 2134 691 2197 angelorum,
730 2134 774 2181 in
797 2149 994 2196 quorum
1014 2134 1165 2180 medio
1189 2133 1268 2188 est,
1294 2133 1389 2179 talis
1408 2132 1471 2179 est
1495 2131 1585 2191 eius
1602 2134 1803 2182 voluntas
1821 2136 1870 2183 δε
1889 2135 1987 2183 talis
2004 2134 2097 2198 ejus
2112 2137 2360 2197 cogitatio;

402 2200 477 2247 sed
505 2202 768 2248 mutationes
802 2199 896 2262 ejus
921 2199 1055 2246 status
1081 2199 1124 2245 se
1147 2198 1323 2261 prorsus
1346 2199 1473 2245 aliter
1497 2198 1677 2254 habent,
1712 2215 1819 2247 curn
1844 2201 1936 2263 ipse
1960 2199 2040 2247 fibi
2065 2201 2287 2249 societates
2305 2202 2361 2250 il-

402 2266 466 2312 las
490 2265 704 2321 adsciscit,
739 2265 812 2312 seu
836 2264 984 2327 ipsese
1008 2265 1089 2311 illis
1112 2262 1334 2327 adjungit,
1361 2265 1409 2311 δι
1433 2264 1556 2313 aliter
1571 2280 1675 2312 cum
1696 2264 1919 2312 societates
1943 2265 2034 2313 illae
2049 2265 2361 2330 adjunguntur

404 2330 448 2378 ei
472 2348 496 2378 a
512 2330 723 2378 Domino
744 2352 757 2384 ;
806 2346 908 2376 cum
934 2329 1027 2393 ipse
1067 2330 1109 2377 se
1147 2330 1231 2376 illis
1266 2328 1486 2391 adjungit,
1523 2341 1631 2377 tunc
1654 2330 1718 2376 est
1741 2330 1784 2378 in
1810 2331 1965 2385 malo·,
1998 2346 2106 2380 curn
2130 2344 2287 2379 ‘autern
2310 2332 2353 2380 ei

403 2395 715 2458 adjunguntur
737 2394 1009 2452 aDomino,
1046 2406 1153 2442 tunc
1177 2394 1304 2441 estin
1327 2396 1481 2449 bono·‚
1516 2410 1624 2442 cum
1643 2395 1690 2441 in
1713 2396 1852 2452 bon0,
1888 2408 1996 2444 tunc
2029 2412 2110 2459 per
2131 2397 2362 2446 societates

405 2462 505 2508 illas
530 2461 680 2509 influit
712 2461 796 2508 tale
820 2460 1010 2517 bonum,
1045 2461 1179 2524 quale
1218 2459 1400 2507 inservit
1438 2459 1530 2521 ejus
1561 2462 1671 2508 vitae
1708 2460 2040 2510 reformationi:
2089 2476 2195 2525 quae
2216 2463 2289 2510 hic
2311 2461 2360 2510 in

406 2526 532 2574 sensu
558 2528 736 2574 interno
769 2525 980 2573 dicuntur
1012 2525 1068 2573 de
1091 2527 1215 2573 bono
1232 2541 1319 2589 per
1339 2525 1563 2584 Jacobum
1597 2526 1930 2588 repraesentato,
1966 2528 2025 2575 de
2044 2526 2360 2576 affectionibus

405 2594 517 2648 veri,
552 2609 657 2656 quae
691 2592 793 2639 sunt
816 2591 985 2638 Rachel
1008 2593 1058 2639 ὅτ
1077 2590 1223 2646 Leah,
1258 2592 1309 2638 ὅτ
1337 2590 1394 2637 de
1418 2591 1718 2653 applicatione
1754 2593 1912 2639 harum
1935 2608 2045 2640 curn
2067 2592 2312 2641 discederet
2332 2607 2360 2640 a

402 2659 527 2704 bono
550 2674 629 2721 per
663 2658 900 2706 Labanem
937 2656 1207 2716 fignificato,
1242 2656 1284 2701 se
1319 2655 1492 2718 prorsus
1517 2655 1575 2703 ita
1597 2656 1654 2704 ad
1677 2658 1841 2705 vivum
1870 2674 1976 2705 cum
2006 2657 2285 2706 societatibus
2306 2657 2358 2703 &

406 2732 562 2770 earum
587 2722 910 2770 mutationibus
929 2719 1125 2774 habent}
1161 2736 1217 2767 ex
1241 2720 1324 2767 illis
1343 2720 1515 2784 Angeli
1540 2721 1796 2784 percipiunt
1837 2722 1972 2770 status
1993 2723 2075 2786 qui
2113 2718 2236 2784 apud
2274 2721 2359 2769 ho-

405 2788 579 2835 minem
604 2787 722 2844 sunt,
758 2787 819 2834 ita
841 2786 929 2850 ejus
953 2786 1068 2834 bona
1091 2788 1140 2835 &
1156 2801 1275 2842 vera,
1307 2786 1454 2849 qualia
1478 2786 1610 2841 sunt;
1645 2788 1836 2850 proinde
1859 2786 2216 2842 innumerabilia,
2250 2802 2359 2849 quae

406 2852 587 2900 homini
610 2853 689 2902 vix
713 2866 764 2900 ut
786 2869 934 2901 unum
957 2867 1204 2900 commune
1235 2864 1452 2914 apparent
1475 2872 1489 2906 3
1534 2852 1635 2899 inde
1659 2853 1833 2914 Angeli
1872 2851 1972 2900 sunt
1993 2853 2040 2898 in
2077 2851 2181 2914 ipsis
2202 2852 2358 2909 caufis,

405 2934 513 2964 nam
532 2916 754 2965 societates
788 2918 882 2965 illas
906 2918 1063 2966 vident
1086 2919 1135 2965 &
1170 2917 1442 2981 percipiunt,
1478 2917 1622 2965 homo
1645 2931 1797 2965 autem
1820 2918 1865 2964 in
1897 2917 2149 2972 effectibuS,
2185 2916 2233 2963 δι
2263 2932 2357 2963 non

404 2983 503 3029 illas
526 2983 671 3039 videt,
709 2983 783 3029 sed
808 2982 951 3029 modo
973 2983 1158 3030 obscure
1181 2982 1410 3045 percipere
1434 2983 1580 3046 potest
1599 2998 1678 3046 per
1708 2983 1874 3044 aliquas
1909 2981 2044 3028 status
2068 2981 2358 3038 mutationes,

404 3064 513 3111 quae
530 3047 630 3095 sunt
648 3047 753 3097 inde
773 3067 787 3103 5
822 3049 872 3097 &
889 3047 1001 3096 nihil
1026 3047 1181 3114 quoad
1207 3049 1379 3098 bonurn
1399 3049 1448 3098 &
1465 3064 1648 3106 verum,
1685 3046 1767 3097 nisi
1790 3045 2031 3097 illustretur
2047 3061 2126 3110 per
2148 3046 2359 3109 Angelos

402 3130 430 3164 a
452 3113 673 3164 Domino.
1485 3114 1491 3117 ⁴
1526 3113 1531 3116 ’

2208 3180 2362 3242 40744
