2742 3718
498 255 827 326 CAPUT
888 253 1552 325 TRIGESIMUM
1601 253 2202 325 SECUNDUM.
2259 265 2394 322 111'.

398 386 618 437 Eundem
651 394 687 418 ‘⁸
711 387 835 445 Ecce
854 386 950 435 dies
972 385 1222 442 venienteS,
1257 384 1436 433 dietum
1462 385 1674 447 Jehovae‚
1708 384 1874 449 quibus
1891 397 1897 403 ‘
1916 381 2151 431 seminabo
2184 382 2383 430 domum

401 455 586 507 Israelis,
622 454 888 502 &domurn
922 452 1135 516 Jehudae,
1158 452 1317 514 semine
1354 451 1549 505 hominis,
1597 453 1645 498 &
1687 452 1855 500 semine
1896 448 2094 497 bestiae’‘
2118 464 2236 495 xxxi
2264 465 2274 494 ε
2302 464 2379 509 27.

399 521 547 583 Apud
573 519 869 569 Ezechielem
902 527 939 580 “‚
955 518 1228 567 Mercatores
1252 518 1320 564 tui
1337 533 1432 564 cum
1448 517 1606 564 Anima
1623 517 1795 564 hominis
1814 517 1860 563 &
1881 517 1992 563 vafis
2009 514 2126 570 aeris,
2159 513 2384 561 dederunt

331 586 340 594 “
400 588 757 650 negotiationem
782 582 957 633 tuam’'
980 600 1191 632 xxxvii:
1222 599 1295 644 13.
1366 581 1512 644 Apud
1537 580 1758 628 Eundem
1794 590 1831 611 ‘⁶
1854 583 1952 628 Vos
1991 594 2104 640 grex
2140 579 2222 635 mi,
2272 593 2388 642 grex

403 653 558 717 pascui
583 653 673 700 mei
695 651 815 700 homo
835 666 931 709 vos,
966 649 1076 713 Ego
1096 651 1222 698 Deus
1244 646 1388 695 vester
1404 646 1435 671 '⁹
1459 663 1642 695 xxxtv:
1670 663 1727 710 31
1754 667 1768 700 ;
1826 647 1973 708 Apud
1999 644 2218 693 Eundem
2259 653 2294 674 “
2319 644 2384 691 E-

401 718 652 766 runturbes
672 717 931 775 devastatae,
951 715 1426 781 plenaegregehominis
1440 711 1471 732 '’
1489 727 1639 760 xxxvx
1654 730 1664 758 :
1682 716 1741 775 38
1761 733 1775 767 ς
1795 711 1841 758 in
1853 712 1917 758 his
1934 713 2038 758 locis
2057 711 2198 758 homo
2208 725 2288 773 pro
2298 708 2389 757 illis

400 786 484 848 qui
502 784 547 832 in
571 784 695 832 bono
717 782 836 840 sunt,
870 785 935 831 ita
966 789 1051 846 pro
1074 783 1213 837 bono,
1249 796 1355 828 nam
1394 795 1454 826 ex
1477 779 1601 827 bono
1625 778 1769 825 homo
1793 776 1858 823 est
1887 776 2027 824 homo
2050 799 2063 829 ·,
2098 776 2276 824 Verum
2299 793 2382 824 au-

402 861 496 898 tem
518 848 647 913 quod
669 864 727 895 ex
749 849 871 897 bono
894 849 941 895 in
963 847 1119 894 Verbo
1135 845 1302 893 dicitur
1322 846 1413 893 Vir
1436 844 1595 900 homo,
1631 856 1733 890 tum
1749 842 1867 891 filius
1890 842 2102 890 hominis.

466 918 614 974 4288.
653 913 830 961 Eadem
859 913 975 968 haec,
1009 927 1119 976 quae
1137 910 1352 959 haetenus
1373 909 1596 974 explicata
1630 908 1750 966 sunt,
1785 909 1924 956 etiam
1962 907 2162 970 spectant
2196 919 2388 970 gentem

401 981 640 1045 Judaicam
681 979 732 1027 &
771 977 1076 1035 Israeliticam,
1111 993 1218 1041 quae
1259 974 1409 1041 Jacob
1454 978 1501 1023 in
1554 976 1716 1022 Verbo
1760 974 2036 1030 nominatur,
2071 986 2123 1019 ut
2162 973 2290 1035 supra
2325 990 2352 1020 n
2370 988 2387 1021 ε’

399 1061 551 1112 4279,
585 1044 765 1094 dietum
787 1045 838 1093 &
864 1042 1089 1092 ostensum
1109 1043 1189 1099 est,
1225 1042 1272 1090 in
1296 1042 1376 1090 illo
1399 1039 1543 1097 sensu,
1578 1041 1660 1105 qui
1700 1040 1901 1088 internus
1923 1039 2155 1087 historicus
2177 1052 2386 1095 vocatur,

398 1127 480 1177 per
503 1112 620 1167 haec,
655 1126 839 1175 nempe,
871 1112 992 1159 mitte
1011 1125 1077 1158 me
1107 1112 1209 1172 quia
1231 1107 1411 1171 ostendit
1435 1123 1615 1164 aurora,
1653 1107 1926 1170 significatur
1950 1103 2388 1169 repraesentativum,

400 1190 644 1242 antequam
666 1177 875 1225 venirent
901 1176 948 1224 in
974 1188 1103 1224 terrae
1121 1175 1337 1223 Canaanis
1375 1173 1757 1238 repraesentativa,
1791 1172 1915 1237 quod
1950 1188 1974 1218 a
2003 1170 2165 1231 Jacobi
2198 1170 2391 1234 posteris

328 1264 334 1265 ⁷
399 1243 670 1292 discederet:
704 1241 928 1291 ostensum
951 1242 1016 1290 est
1037 1242 1185 1307 supra,
1210 1241 1354 1306 qualis
1377 1240 1456 1289 illa
1483 1253 1596 1302 gens
1613 1239 1716 1297 fuit,
1750 1238 1876 1304 quod
1902 1252 2068 1300 nempe
2101 1237 2222 1299 apud
2262 1235 2386 1283 illam

403 1310 553 1358 nullus
574 1310 721 1358 cultus
746 1311 945 1356 internus
975 1308 1129 1364 fuerit,
1162 1307 1239 1355 sed
1261 1306 1408 1356 solum
1425 1319 1655 1362 externuS,
1690 1305 1753 1352 ita
1784 1304 1912 1369 quod
1933 1301 2184 1366 conjugiale
2208 1301 2391 1349 coeleste

399 1377 458 1424 ab
476 1376 546 1423 illa
561 1375 811 1439 separatum
826 1373 976 1431 fuerit,
990 1391 1042 1423 ac
1058 1373 1164 1422 ideo
1175 1373 1305 1438 quod
1322 1372 1443 1420 nulla
1453 1371 1673 1419 Ecclesia:
1698 1375 1817 1434 apud
1838 1369 1963 1417 illam
1983 1369 2152 1416 institui
2169 1367 2390 1432 potuerit,

399 1443 476 1490 sed
501 1443 643 1490 modo
668 1441 1079 1507 repraesentativum
1104 1439 1336 1494 Ecclefiae,
1374 1439 1577 1487 videatur
1605 1454 1662 1485 n:
1698 1442 1854 1496 4281:
1891 1436 1963 1482 sed
1988 1435 2235 1490 sciendum,
2271 1434 2386 1497 quid

399 1507 795 1572 Repraesentativa
829 1506 1048 1561 Ecclefia,
1084 1506 1280 1570 &quid
1315 1503 1759 1568 Repraesentativum
1796 1499 2037 1554 Ecclefiae·,
2071 1500 2385 1562 Repraesenta-

400 1577 499 1622 tiva
520 1573 717 1622 Ecclesia
737 1573 819 1631 est,
851 1589 960 1620 cum
979 1572 1119 1620 cultus
1136 1572 1336 1618 internus
1359 1569 1421 1618 est
1443 1570 1491 1616 in
1514 1583 1729 1622 extern03
1764 1567 2207 1630 Repraesentativum
2226 1565 2387 1613 Eccle-

401 1639 480 1687 fiae
511 1652 666 1686 autem
701 1639 784 1695 est,
828 1653 936 1699 cum
965 1636 1113 1684 nullus
1150 1637 1294 1684 cultus
1316 1638 1534 1689 internus,
1570 1634 1644 1680 sed
1677 1632 1815 1696 usque
1838 1646 2080 1686 externus;
2115 1631 2160 1677 in
2186 1643 2390 1694 utroque

404 1719 537 1768 paene
561 1703 720 1754 nmilia
742 1701 919 1750 ritualia
943 1714 1127 1748 externa
1147 1701 1264 1757 sunt,
1299 1715 1466 1763 nempe
1490 1698 1646 1747 similia
1681 1699 1860 1754 statuta,
1894 1697 2058 1744 fimiles
2090 1695 2230 1758 leges,
2262 1697 2316 1744 &
2334 1696 2388 1743 fi-

403 1770 530 1817 milia
553 1781 806 1832 praecepta3
841 1767 914 1814 sed
950 1765 998 1814 in
1037 1765 1426 1831 Repraesentativa
1461 1764 1660 1813 Ecclefia
1692 1763 2042 1828 correspondent
2071 1775 2252 1809 externa
2274 1778 2389 1809 cum
2462 1812 2468 1815 ⁷

349 1851 354 1854 ’
402 1835 606 1890 internis,
642 1833 702 1881 fic
728 1846 780 1882 ut
806 1848 952 1881 unum
985 1831 1168 1890 faciant,
1202 1845 1248 1879 at
1281 1831 1327 1879 in
1362 1830 1754 1894 Repraesentativo
1778 1829 1995 1880 Ecclesiae
2017 1844 2106 1874 non
2137 1828 2268 1875 datur
2287 1843 2385 1875 cor-

400 1900 732 1965 respondentia,
767 1899 876 1963 quia
911 1911 1095 1946 externa
1114 1897 1183 1944 vel
1204 1897 1304 1944 sunt
1326 1895 1491 1959 absque
1514 1895 1713 1950 internis,
1750 1895 1826 1941 vel
1848 1893 2088 1947 diffident3
2124 1893 2170 1940 in
2192 1894 2385 1955 Reprae-

401 1966 618 2014 sentativa
658 1963 858 2013 Ecclesia
890 1979 1020 2012 amor
1057 1963 1243 2010 caelestis
1278 1963 1328 2010 δε
1352 1961 1591 2026 spiritualis
1623 1961 1686 2008 est
1708 1959 1973 2024 principale,
2007 1971 2053 2006 at
2077 1959 2121 2005 in
2146 1958 2387 2021 repraesen-

401 2034 548 2080 tativo
577 2031 792 2079 Ecclefiae
814 2029 877 2077 est
893 2045 1024 2077 amor
1043 2045 1286 2092 corporeus
1323 2029 1373 2076 &
1397 2027 1652 2075 mundanus
1676 2025 1937 2090 principale,
1973 2040 2101 2072 amor
2121 2024 2316 2072 coelestis
2332 2026 2383 2072 δε

373 2150 377 2153 Δ
401 2097 644 2163 spiritualis
665 2097 730 2146 est
753 2096 902 2160 ipsum
926 2097 1175 2152 internum,
1214 2095 1278 2143 ast
1300 2096 1380 2142 ubi
1404 2094 1548 2142 nullus
1577 2108 1708 2140 amor
1739 2091 1926 2139 coelestis
1944 2092 1993 2138 &
2018 2090 2269 2154 spiritualis,
2306 2090 2386 2138 sed
2423 2115 2425 2117 ·

402 2164 551 2213 solum
580 2171 820 2227 corporeus
848 2163 899 2210 δε
918 2163 1192 2218 mundanus,
1226 2161 1292 2208 est
1313 2174 1550 2208 externum
1571 2159 1736 2223 absque
1754 2160 1952 2206 interno:
1989 2156 2198 2220 Antiqua
2223 2156 2385 2204 Eccle-

367 2274 370 2278 .
400 2230 478 2287 fia,
513 2246 623 2295 quae
658 2228 744 2276 fuit
779 2228 881 2292 post
918 2227 1165 2284 diluvium,
1199 2227 1395 2275 Ecclesia
1435 2225 1825 2290 Repraesentativa
1865 2223 1968 2280 fuit,
2004 2222 2079 2269 sed
2116 2238 2223 2284 quae
2258 2223 2386 2285 apud

400 2297 601 2361 posteros
640 2295 805 2359 Jacobi
828 2293 1045 2351 instituta,
1078 2292 1166 2341 fuit
1204 2293 1349 2341 modo
1382 2291 1597 2340 Ecclefiae
1634 2290 2076 2354 repraesentativum:
2114 2289 2186 2336 sed
2228 2287 2383 2335 discri-

401 2377 524 2418 men,
559 2375 617 2409 ut·
644 2374 812 2425 pateat,
847 2359 1085 2408 illustretur
1107 2375 1188 2424 per
1210 2359 1447 2422 exempla3
1483 2358 1527 2405 in
1556 2357 1942 2421 Repraesentativa
1964 2355 2160 2402 Ecclesia
2183 2353 2271 2401 fuit
2288 2354 2382 2400 cul-

401 2439 476 2475 tus
499 2427 699 2474 Divinus
721 2427 852 2488 super
880 2426 1131 2481 montibuS,
1164 2425 1272 2488 quia
1295 2436 1475 2472 montes
1497 2424 1808 2487 significabant
1830 2436 2034 2468 amorem
2052 2419 2298 2474 coelestem,
2328 2435 2384 2466 ac>

405 2491 452 2539 in
477 2491 688 2554 supremo
711 2491 837 2538 sensu
854 2491 1136 2546 Dominum,
1168 2506 1221 2536 n:
1260 2504 1371 2553 795.
1396 2504 1536 2551 1430.
1559 2505 1704 2550 2722.
1721 2503 1869 2547 4210,
1905 2488 1955 2534 &
1977 2502 2083 2532 eum
2103 2485 2230 2548 super
2244 2501 2385 2531 mon-

400 2557 521 2605 tibus
534 2557 712 2604 cultum
729 2555 970 2610 habebant,
1004 2568 1127 2601 erant
1145 2553 1191 2601 in
1215 2554 1292 2602 suo
1315 2554 1480 2610 sancto,
1514 2553 1617 2617 quia
1640 2566 1747 2601 tunc
1770 2552 1901 2600 simul
1927 2551 1972 2599 in
2002 2568 2154 2598 amore
2178 2549 2378 2596 coelesti:

403 2624 450 2671 in
474 2620 832 2686 repraesentativa
852 2620 1045 2668 Ecclefia
1062 2620 1198 2669 etiam
1224 2619 1310 2668 fuit
1333 2619 1475 2667 cultus
1488 2619 1686 2666 Divinus
1705 2619 1750 2665 in
1776 2619 1932 2674 Luc15‚
1968 2616 2072 2681 quia
2092 2617 2181 2662 luci
2203 2615 2378 2677 fignifi-

401 2690 562 2736 cabant
593 2702 798 2735 amorem
820 2685 1112 2750 spiritualem,
1148 2702 1198 2732 ac
1222 2686 1268 2732 in
1293 2685 1506 2749 supremo
1533 2684 1657 2732 sensu
1692 2686 1954 2732 Dominum
1994 2681 2148 2747 quoad
2170 2696 2379 2731 amorem

402 2755 557 2810 illum,
593 2769 649 2800 n:
691 2767 836 2817 1722,
869 2753 919 2799 ὅτ
940 2767 1045 2799 cum
1066 2753 1111 2799 in
1148 2752 1252 2799 lucis
1275 2752 1452 2799 cultum
1477 2752 1716 2806 habebant,
1751 2763 1874 2797 erant
1892 2752 1936 2796 in
1961 2749 2040 2796 suo
2062 2748 2229 2803 saneto,
2265 2747 2381 2812 quia

399 2835 507 2868 tunc
524 2819 653 2867 fimul
680 2818 726 2865 in
749 2834 904 2867 amore
929 2817 1169 2882 spirituali:
1206 2818 1252 2865 in
1279 2817 1477 2865 Ecclesia
1501 2816 1900 2880 Repraesentativa‚
1925 2830 2030 2861 curn
2048 2814 2221 2861 cultum
2239 2813 2375 2860 Divi-

401 2903 515 2935 num
549 2885 779 2942 haberent,
814 2883 944 2932 facies
969 2883 1062 2930 suas
1084 2884 1139 2930 ad
1174 2883 1392 2930 orientem
1425 2883 1526 2930 solis
1550 2884 1796 2938 vertebant,
1831 2886 1940 2946 quia
1972 2895 2050 2943 per
2064 2880 2288 2927 orientem
2307 2878 2379 2926 so-

401 2954 494 3000 lem
533 2954 667 2999 etiarn
705 2967 833 2998 amor
869 2948 1062 2996 coelestis
1102 2949 1447 3010 significabatur,
1484 2965 1540 2995 n:
1585 2964 1690 2995 ¹01.
1722 2964 1864 3010 1529.
1891 2961 2195 3009 1530.2441.
2224 2961 2371 3009 2495.

401 3020 548 3082 3636,
572 3018 718 3082 3643,
753 3032 858 3063 cum
881 3016 1017 3063 etiam
1055 3014 1327 3076 aspiciebant
1349 3015 1550 3070 Lunam,
1586 3013 1790 3060 similiter
1822 3013 2017 3076 quadam
2057 3011 2204 3059 saneta
2234 3026 2377 3058 vene·

401 3087 575 3132 ratione
593 3082 990 3147 perfundebantur,
1029 3080 1138 3146 quia
1151 3081 1286 3128 Luna
1309 3080 1587 3144 significabat
1606 3095 1809 3126 amorem
1829 3078 2125 3144 spiritualem,
2152 3094 2205 3123 n:
2229 3093 2377 3140 1529.

408 3165 550 3213 1530.
590 3165 729 3212 1531.
753 3164 897 3210 2495.
922 3150 1083 3208 4060;
1118 3147 1282 3211 pariter
1303 3163 1412 3194 cum
1441 3145 1615 3193 coelum
1639 3145 1878 3200 fidereum,
1910 3145 2017 3207 quia
2041 3145 2127 3191 hoc
2150 3142 2375 3207 fignifica-

400 3215 476 3264 bat
499 3215 674 3263 coelum
694 3216 953 3278 angelicum
972 3214 1047 3264 seu
1063 3215 1281 3278 Regnum
1298 3211 1524 3263 Domini:
1555 3211 1602 3260 in
1626 3211 1822 3263 Ecclesia
1839 3209 2225 3276 Reptaesentativa
2247 3208 2379 3283 Ten-

546 3294 551 3296 ’
819 3295 823 3300 ”
2256 3286 2387 3324 1031ss
