<?xml version="1.0" encoding="UTF-8"?>
<!DOCTYPE html PUBLIC "-//W3C//DTD XHTML 1.0 Transitional//EN"
    "http://www.w3.org/TR/xhtml1/DTD/xhtml1-transitional.dtd">
<html xmlns="http://www.w3.org/1999/xhtml" xml:lang="en" lang="en">
 <head>
  <title>
</title>
<meta http-equiv="Content-Type" content="text/html;charset=utf-8" />
  <meta name='ocr-system' content='tesseract 3.04.00' />
  <meta name='ocr-capabilities' content='ocr_page ocr_carea ocr_par ocr_line ocrx_word'/>
</head>
<body>
  <div class='ocr_page' id='page_1' title='image "arcanacaelestiaq04sweduoft_0035.png"; bbox 0 0 2690 3692; ppageno 0'>
   <div class='ocr_carea' id='block_1_1' title="bbox 541 202 2312 332">
    <p class='ocr_par' dir='ltr' id='par_1_1' title="bbox 541 202 2312 332">
     <span class='ocr_line' id='line_1_1' title="bbox 541 202 2312 332; baseline -0.001 -17"><span class='ocrx_word' id='word_1_1' title='bbox 541 202 882 315; x_wconf 75' lang='lat' dir='ltr'>CAPUT</span> <span class='ocrx_word' id='word_1_2' title='bbox 921 229 1611 312; x_wconf 85' lang='lat' dir='ltr'>TRIGESIMUM</span> <span class='ocrx_word' id='word_1_3' title='bbox 1642 230 2100 313; x_wconf 74' lang='lat' dir='ltr'><strong>PRIMUM.</strong></span> <span class='ocrx_word' id='word_1_4' title='bbox 2232 266 2312 332; x_wconf 85' lang='lat'>31</span> 
     </span>
    </p>
   </div>
   <div class='ocr_carea' id='block_1_2' title="bbox 301 364 2346 3320">
    <p class='ocr_par' dir='ltr' id='par_1_2' title="bbox 334 364 2319 1104">
     <span class='ocr_line' id='line_1_2' title="bbox 334 364 2319 446; baseline -0.003 -16"><span class='ocrx_word' id='word_1_5' title='bbox 334 376 482 446; x_wconf 73' lang='lat' dir='ltr'>iisque</span> <span class='ocrx_word' id='word_1_6' title='bbox 503 376 558 426; x_wconf 87' lang='lat' dir='ltr'>ad</span> <span class='ocrx_word' id='word_1_7' title='bbox 584 376 788 433; x_wconf 86' lang='lat' dir='ltr'>Danem,</span> <span class='ocrx_word' id='word_1_8' title='bbox 819 374 1028 423; x_wconf 64' lang='lat' dir='ltr'>videntur</span> <span class='ocrx_word' id='word_1_9' title='bbox 1049 391 1101 423; x_wconf 89' lang='lat' dir='ltr'>n:</span> <span class='ocrx_word' id='word_1_10' title='bbox 1129 377 1273 437; x_wconf 85' lang='lat'><strong>2858.</strong></span> <span class='ocrx_word' id='word_1_11' title='bbox 1295 379 1420 439; x_wconf 88' lang='lat'><em>2859</em></span> <span class='ocrx_word' id='word_1_12' title='bbox 1441 396 1457 430; x_wconf 67' lang='grc' dir='ltr'><strong>ς</strong></span> <span class='ocrx_word' id='word_1_13' title='bbox 1491 375 1618 441; x_wconf 87' lang='lat' dir='ltr'>quod</span> <span class='ocrx_word' id='word_1_14' title='bbox 1640 392 1668 424; x_wconf 90' lang='lat' dir='ltr'>a</span> <span class='ocrx_word' id='word_1_15' title='bbox 1684 375 1875 425; x_wconf 83' lang='lat' dir='ltr'>Gileade</span> <span class='ocrx_word' id='word_1_16' title='bbox 1890 377 1947 424; x_wconf 88' lang='lat' dir='ltr'>ad</span> <span class='ocrx_word' id='word_1_17' title='bbox 1967 364 2167 434; x_wconf 90' lang='lat' dir='ltr'>Danem‚</span> <span class='ocrx_word' id='word_1_18' title='bbox 2191 377 2319 442; x_wconf 89' lang='lat' dir='ltr'>apud</span> 
     </span>
     <span class='ocr_line' id='line_1_3' title="bbox 338 440 2317 507; baseline -0.003 -11"><span class='ocrx_word' id='word_1_19' title='bbox 338 446 506 496; x_wconf 87' lang='lat' dir='ltr'>Mosen</span> <span class='ocrx_word' id='word_1_20' title='bbox 541 451 575 473; x_wconf 89' lang='lat'>“</span> <span class='ocrx_word' id='word_1_21' title='bbox 598 442 817 490; x_wconf 89' lang='lat' dir='ltr'>Ascendit</span> <span class='ocrx_word' id='word_1_22' title='bbox 837 441 993 488; x_wconf 84' lang='lat' dir='ltr'>Moses</span> <span class='ocrx_word' id='word_1_23' title='bbox 1016 454 1073 488; x_wconf 88' lang='lat' dir='ltr'>ex</span> <span class='ocrx_word' id='word_1_24' title='bbox 1097 440 1368 503; x_wconf 83' lang='lat' dir='ltr'>planitiebus</span> <span class='ocrx_word' id='word_1_25' title='bbox 1387 442 1551 489; x_wconf 88' lang='lat' dir='ltr'>Moabi</span> <span class='ocrx_word' id='word_1_26' title='bbox 1574 443 1707 506; x_wconf 87' lang='lat' dir='ltr'>super</span> <span class='ocrx_word' id='word_1_27' title='bbox 1744 455 1951 491; x_wconf 87' lang='lat' dir='ltr'>montem</span> <span class='ocrx_word' id='word_1_28' title='bbox 1984 443 2141 499; x_wconf 88' lang='lat' dir='ltr'>Nebo,</span> <span class='ocrx_word' id='word_1_29' title='bbox 2175 456 2317 507; x_wconf 82' lang='lat' dir='ltr'>caput</span> 
     </span>
     <span class='ocr_line' id='line_1_4' title="bbox 343 505 2319 576; baseline -0.003 -15"><span class='ocrx_word' id='word_1_30' title='bbox 343 513 510 576; x_wconf 74' lang='lat' dir='ltr'>Pisgae‚</span> <span class='ocrx_word' id='word_1_31' title='bbox 544 510 625 574; x_wconf 90' lang='lat' dir='ltr'>qui</span> <span class='ocrx_word' id='word_1_32' title='bbox 649 508 806 555; x_wconf 72' lang='lat' dir='ltr'>versus</span> <span class='ocrx_word' id='word_1_33' title='bbox 817 507 1022 570; x_wconf 83' lang='lat' dir='ltr'>Jericho,</span> <span class='ocrx_word' id='word_1_34' title='bbox 1054 507 1136 554; x_wconf 90' lang='lat' dir='ltr'>ubi</span> <span class='ocrx_word' id='word_1_35' title='bbox 1152 505 1348 554; x_wconf 88' lang='lat' dir='ltr'>ostendit</span> <span class='ocrx_word' id='word_1_36' title='bbox 1364 507 1431 554; x_wconf 88' lang='lat' dir='ltr'>illi</span> <span class='ocrx_word' id='word_1_37' title='bbox 1455 508 1669 569; x_wconf 89' lang='lat' dir='ltr'>Jehovah</span> <span class='ocrx_word' id='word_1_38' title='bbox 1691 517 1855 556; x_wconf 86' lang='lat' dir='ltr'>terram</span> <span class='ocrx_word' id='word_1_39' title='bbox 1874 507 2091 557; x_wconf 86' lang='lat' dir='ltr'>Gileadem</span> <span class='ocrx_word' id='word_1_40' title='bbox 2114 509 2237 573; x_wconf 84' lang='lat' dir='ltr'>usque</span> <span class='ocrx_word' id='word_1_41' title='bbox 2257 509 2319 557; x_wconf 86' lang='lat' dir='ltr'>ad</span> 
     </span>
     <span class='ocr_line' id='line_1_5' title="bbox 342 572 2317 638; baseline -0.002 -11"><span class='ocrx_word' id='word_1_42' title='bbox 342 577 566 634; x_wconf 83' lang='lat' dir='ltr'>Danem,”</span> <span class='ocrx_word' id='word_1_43' title='bbox 590 576 741 622; x_wconf 87' lang='lat' dir='ltr'>Deut:</span> <span class='ocrx_word' id='word_1_44' title='bbox 761 589 935 620; x_wconf 69' lang='lat' dir='ltr'>xxxixrt</span> <span class='ocrx_word' id='word_1_45' title='bbox 970 590 985 620; x_wconf 85' lang='lat'>1</span> <span class='ocrx_word' id='word_1_46' title='bbox 1011 590 1022 620; x_wconf 75' lang='grc' dir='ltr'><strong><em>ε</em></strong></span> <span class='ocrx_word' id='word_1_47' title='bbox 1058 573 1108 620; x_wconf 76' lang='grc' dir='ltr'>δε</span> <span class='ocrx_word' id='word_1_48' title='bbox 1133 572 1177 619; x_wconf 92' lang='lat' dir='ltr'>in</span> <span class='ocrx_word' id='word_1_49' title='bbox 1198 572 1344 620; x_wconf 90' lang='lat' dir='ltr'>Libro</span> <span class='ocrx_word' id='word_1_50' title='bbox 1367 574 1588 635; x_wconf 86' lang='lat' dir='ltr'>Judicurn</span> <span class='ocrx_word' id='word_1_51' title='bbox 1624 579 1659 602; x_wconf 91' lang='lat'>“</span> <span class='ocrx_word' id='word_1_52' title='bbox 1683 574 1842 621; x_wconf 85' lang='lat' dir='ltr'>Gilead</span> <span class='ocrx_word' id='word_1_53' title='bbox 1871 578 1917 622; x_wconf 90' lang='lat' dir='ltr'>in</span> <span class='ocrx_word' id='word_1_54' title='bbox 1942 574 2127 631; x_wconf 78' lang='lat' dir='ltr'>transitu</span> <span class='ocrx_word' id='word_1_55' title='bbox 2151 576 2317 638; x_wconf 88' lang='lat' dir='ltr'>Jorda-</span> 
     </span>
     <span class='ocr_line' id='line_1_6' title="bbox 344 637 2317 705; baseline -0.003 -12"><span class='ocrx_word' id='word_1_56' title='bbox 344 645 413 693; x_wconf 88' lang='lat' dir='ltr'>nis</span> <span class='ocrx_word' id='word_1_57' title='bbox 436 644 655 697; x_wconf 74' lang='lat' dir='ltr'>habitanS,</span> <span class='ocrx_word' id='word_1_58' title='bbox 691 641 742 688; x_wconf 78' lang='grc' dir='ltr'>δε</span> <span class='ocrx_word' id='word_1_59' title='bbox 765 640 889 695; x_wconf 90' lang='lat' dir='ltr'>Dan,</span> <span class='ocrx_word' id='word_1_60' title='bbox 921 654 1003 686; x_wconf 90' lang='lat' dir='ltr'>cur</span> <span class='ocrx_word' id='word_1_61' title='bbox 1036 639 1219 686; x_wconf 88' lang='lat' dir='ltr'>timebit</span> <span class='ocrx_word' id='word_1_62' title='bbox 1242 637 1431 695; x_wconf 78' lang='lat' dir='ltr'>naveS,’&#39;</span> <span class='ocrx_word' id='word_1_63' title='bbox 1455 639 1524 685; x_wconf 81' lang='lat' dir='ltr'>V:</span> <span class='ocrx_word' id='word_1_64' title='bbox 1556 655 1631 701; x_wconf 86' lang='lat'>¹7·</span> <span class='ocrx_word' id='word_1_65' title='bbox 1698 639 1879 695; x_wconf 86' lang='lat' dir='ltr'>Gilead,</span> <span class='ocrx_word' id='word_1_66' title='bbox 1914 641 2023 705; x_wconf 77' lang='lat' dir='ltr'>quia</span> <span class='ocrx_word' id='word_1_67' title='bbox 2046 654 2139 688; x_wconf 90' lang='lat' dir='ltr'>erat</span> <span class='ocrx_word' id='word_1_68' title='bbox 2163 642 2317 689; x_wconf 89' lang='lat' dir='ltr'>termi-</span> 
     </span>
     <span class='ocr_line' id='line_1_7' title="bbox 344 703 2317 770; baseline -0.002 -11"><span class='ocrx_word' id='word_1_69' title='bbox 344 727 448 767; x_wconf 77' lang='lat' dir='ltr'>nuS,</span> <span class='ocrx_word' id='word_1_70' title='bbox 483 710 528 756; x_wconf 92' lang='lat' dir='ltr'>in</span> <span class='ocrx_word' id='word_1_71' title='bbox 554 707 681 754; x_wconf 91' lang='lat' dir='ltr'>sensu</span> <span class='ocrx_word' id='word_1_72' title='bbox 703 703 926 770; x_wconf 77' lang='lat' dir='ltr'>spirituali</span> <span class='ocrx_word' id='word_1_73' title='bbox 965 704 1186 766; x_wconf 83' lang='lat' dir='ltr'>fignificat</span> <span class='ocrx_word' id='word_1_74' title='bbox 1208 705 1415 769; x_wconf 86' lang='lat' dir='ltr'>primum</span> <span class='ocrx_word' id='word_1_75' title='bbox 1449 705 1643 765; x_wconf 88' lang='lat' dir='ltr'>bonum,</span> <span class='ocrx_word' id='word_1_76' title='bbox 1679 704 1807 768; x_wconf 89' lang='lat' dir='ltr'>quod</span> <span class='ocrx_word' id='word_1_77' title='bbox 1843 705 1907 752; x_wconf 90' lang='lat' dir='ltr'>est</span> <span class='ocrx_word' id='word_1_78' title='bbox 1928 706 2194 754; x_wconf 85' lang='lat' dir='ltr'>sensualium</span> <span class='ocrx_word' id='word_1_79' title='bbox 2217 723 2317 755; x_wconf 89' lang='lat' dir='ltr'>cor·</span> 
     </span>
     <span class='ocr_line' id='line_1_8' title="bbox 343 769 2317 842; baseline -0.001 -19"><span class='ocrx_word' id='word_1_80' title='bbox 343 770 483 842; x_wconf 64' lang='lat' dir='ltr'>potiri,</span> <span class='ocrx_word' id='word_1_81' title='bbox 517 788 623 821; x_wconf 87' lang='lat' dir='ltr'>nam</span> <span class='ocrx_word' id='word_1_82' title='bbox 638 772 805 831; x_wconf 84' lang='lat' dir='ltr'>horum</span> <span class='ocrx_word' id='word_1_83' title='bbox 823 771 1000 819; x_wconf 87' lang='lat' dir='ltr'>bonum</span> <span class='ocrx_word' id='word_1_84' title='bbox 1023 770 1100 818; x_wconf 90' lang='lat' dir='ltr'>seu</span> <span class='ocrx_word' id='word_1_85' title='bbox 1118 770 1292 834; x_wconf 84' lang='lat' dir='ltr'>volupe</span> <span class='ocrx_word' id='word_1_86' title='bbox 1315 769 1397 826; x_wconf 87' lang='lat' dir='ltr'>est,</span> <span class='ocrx_word' id='word_1_87' title='bbox 1430 770 1504 817; x_wconf 87' lang='lat' dir='ltr'>cui</span> <span class='ocrx_word' id='word_1_88' title='bbox 1523 769 1728 816; x_wconf 88' lang='lat' dir='ltr'>initiatur</span> <span class='ocrx_word' id='word_1_89' title='bbox 1751 770 1895 818; x_wconf 88' lang='lat' dir='ltr'>homo</span> <span class='ocrx_word' id='word_1_90' title='bbox 1923 772 2136 819; x_wconf 89' lang='lat' dir='ltr'>omnium</span> <span class='ocrx_word' id='word_1_91' title='bbox 2161 775 2317 836; x_wconf 88' lang='lat' dir='ltr'>primo</span> 
     </span>
     <span class='ocr_line' id='line_1_9' title="bbox 345 834 2315 907; baseline -0.002 -17"><span class='ocrx_word' id='word_1_92' title='bbox 345 842 427 907; x_wconf 90' lang='lat' dir='ltr'>qui</span> <span class='ocrx_word' id='word_1_93' title='bbox 446 850 769 902; x_wconf 58' lang='lat' dir='ltr'>regeneratum</span> <span class='ocrx_word' id='word_1_94' title='bbox 802 837 850 884; x_wconf 93' lang='lat' dir='ltr'>in</span> <span class='ocrx_word' id='word_1_95' title='bbox 868 837 958 885; x_wconf 83' lang='lat' dir='ltr'>hoc</span> <span class='ocrx_word' id='word_1_96' title='bbox 991 835 1114 896; x_wconf 82' lang='lat' dir='ltr'>sensu</span> <span class='ocrx_word' id='word_1_97' title='bbox 1159 836 1357 883; x_wconf 87' lang='lat' dir='ltr'>sumitur</span> <span class='ocrx_word' id='word_1_98' title='bbox 1396 834 1560 883; x_wconf 89' lang='lat' dir='ltr'>Gilead</span> <span class='ocrx_word' id='word_1_99' title='bbox 1597 835 1720 898; x_wconf 76' lang='lat' dir='ltr'>apud</span> <span class='ocrx_word' id='word_1_100' title='bbox 1753 836 2018 900; x_wconf 87' lang='lat' dir='ltr'>Prophetas,</span> <span class='ocrx_word' id='word_1_101' title='bbox 2053 851 2106 884; x_wconf 87' lang='lat' dir='ltr'>ut</span> <span class='ocrx_word' id='word_1_102' title='bbox 2125 840 2282 901; x_wconf 76' lang='lat' dir='ltr'>jerem</span> <span class='ocrx_word' id='word_1_103' title='bbox 2301 857 2315 886; x_wconf 72' lang='grc' dir='ltr'>ε</span> 
     </span>
     <span class='ocr_line' id='line_1_10' title="bbox 344 900 2307 968; baseline -0.003 -12"><span class='ocrx_word' id='word_1_104' title='bbox 344 924 446 956; x_wconf 84' lang='lat' dir='ltr'>vm</span> <span class='ocrx_word' id='word_1_105' title='bbox 467 925 481 954; x_wconf 69' lang='grc' dir='ltr'><em>ι</em></span> <span class='ocrx_word' id='word_1_106' title='bbox 505 921 582 954; x_wconf 86' lang='grc'><strong>20.</strong></span> <span class='ocrx_word' id='word_1_107' title='bbox 608 902 853 965; x_wconf 42' lang='lat' dir='ltr'>22.*··Cap:</span> <span class='ocrx_word' id='word_1_108' title='bbox 876 902 1089 949; x_wconf 72' lang='lat' dir='ltr'>xx112&#39;6.</span> <span class='ocrx_word' id='word_1_109' title='bbox 1124 901 1226 966; x_wconf 90' lang='lat' dir='ltr'>Cap</span> <span class='ocrx_word' id='word_1_110' title='bbox 1241 917 1421 968; x_wconf 34' lang='lat' dir='ltr'>*xi-vr:</span> <span class='ocrx_word' id='word_1_111' title='bbox 1452 918 1527 950; x_wconf 75' lang='grc' dir='ltr'>ιι.</span> <span class='ocrx_word' id='word_1_112' title='bbox 1564 900 1882 965; x_wconf 46' lang='lat' dir='ltr'>Cap:·1::«19.</span> <span class='ocrx_word' id='word_1_113' title='bbox 1919 901 2104 950; x_wconf 85' lang='lat' dir='ltr'>Ezech:</span> <span class='ocrx_word' id='word_1_114' title='bbox 2130 919 2307 955; x_wconf 72' lang='lat' dir='ltr'>xcvii:</span> 
     </span>
     <span class='ocr_line' id='line_1_11' title="bbox 346 966 2312 1033; baseline -0.002 -12"><span class='ocrx_word' id='word_1_115' title='bbox 346 977 426 1023; x_wconf 76' lang='lat'>18.</span> <span class='ocrx_word' id='word_1_116' title='bbox 462 969 628 1025; x_wconf 23' lang='lat' dir='ltr'>ohad-z</span> <span class='ocrx_word' id='word_1_117' title='bbox 659 985 733 1033; x_wconf 89' lang='lat'>19.</span> <span class='ocrx_word' id='word_1_118' title='bbox 769 968 932 1016; x_wconf 89' lang='lat' dir='ltr'>Mich:</span> <span class='ocrx_word' id='word_1_119' title='bbox 956 983 1064 1015; x_wconf 84' lang='lat' dir='ltr'>vn:</span> <span class='ocrx_word' id='word_1_120' title='bbox 1094 985 1168 1027; x_wconf 90' lang='lat'>14.</span> <span class='ocrx_word' id='word_1_121' title='bbox 1202 968 1496 1016; x_wconf 59' lang='lat' dir='ltr'>Saeharnx:</span> <span class='ocrx_word' id='word_1_122' title='bbox 1527 971 1603 1015; x_wconf 80' lang='lat'>1&#39;0.</span> <span class='ocrx_word' id='word_1_123' title='bbox 1640 966 1815 1015; x_wconf 88' lang='lat' dir='ltr'>Psalm:</span> <span class='ocrx_word' id='word_1_124' title='bbox 1841 982 1923 1016; x_wconf 77' lang='lat' dir='ltr'>tx:</span> <span class='ocrx_word' id='word_1_125' title='bbox 1951 970 2013 1023; x_wconf 85' lang='lat'>8;</span> <span class='ocrx_word' id='word_1_126' title='bbox 2049 969 2165 1016; x_wconf 88' lang='lat' dir='ltr'>&amp;in</span> <span class='ocrx_word' id='word_1_127' title='bbox 2190 970 2312 1018; x_wconf 88' lang='lat' dir='ltr'>sensu</span> 
     </span>
     <span class='ocr_line' id='line_1_12' title="bbox 343 1033 1901 1104; baseline -0.005 -15"><span class='ocrx_word' id='word_1_128' title='bbox 343 1038 576 1104; x_wconf 72' lang='lat' dir='ltr'>opposite,</span> <span class='ocrx_word' id='word_1_129' title='bbox 612 1034 800 1083; x_wconf 83' lang='lat' dir='ltr'>Hosch:</span> <span class='ocrx_word' id='word_1_130' title='bbox 825 1048 902 1080; x_wconf 77' lang='lat' dir='ltr'>vi:</span> <span class='ocrx_word' id='word_1_131' title='bbox 929 1036 971 1082; x_wconf 87' lang='lat'>8.</span> <span class='ocrx_word' id='word_1_132' title='bbox 1009 1033 1138 1098; x_wconf 87' lang='lat' dir='ltr'>Cap:</span> <span class='ocrx_word' id='word_1_133' title='bbox 1161 1049 1236 1081; x_wconf 83' lang='lat' dir='ltr'>xn</span> <span class='ocrx_word' id='word_1_134' title='bbox 1256 1050 1278 1080; x_wconf 42' lang='lat'>:1</span> <span class='ocrx_word' id='word_1_135' title='bbox 1299 1044 1373 1084; x_wconf 80' lang='lat'>11.</span> <span class='ocrx_word' id='word_1_136' title='bbox 1406 1061 1409 1063; x_wconf 93' lang='lat'>·</span> <span class='ocrx_word' id='word_1_137' title='bbox 1897 1045 1901 1049; x_wconf 83' lang='lat'>·</span> 
     </span>
    </p>

    <p class='ocr_par' dir='ltr' id='par_1_3' title="bbox 344 1098 2326 2286">
     <span class='ocr_line' id='line_1_13' title="bbox 410 1098 2314 1164; baseline -0.004 -11"><span class='ocrx_word' id='word_1_138' title='bbox 410 1121 467 1164; x_wconf 89' lang='lat'>41</span> <span class='ocrx_word' id='word_1_139' title='bbox 485 1123 500 1153; x_wconf 91' lang='lat'>1</span> <span class='ocrx_word' id='word_1_140' title='bbox 514 1105 559 1152; x_wconf 89' lang='lat'>8.</span> <span class='ocrx_word' id='word_1_141' title='bbox 596 1103 720 1150; x_wconf 90' lang='lat' dir='ltr'>Vers</span> <span class='ocrx_word' id='word_1_142' title='bbox 732 1118 743 1147; x_wconf 72' lang='grc' dir='ltr'><strong><em>ε</em></strong></span> <span class='ocrx_word' id='word_1_143' title='bbox 769 1116 847 1147; x_wconf 88' lang='grc'><strong>22.</strong></span> <span class='ocrx_word' id='word_1_144' title='bbox 869 1115 894 1146; x_wconf 88' lang='lat'>2</span> <span class='ocrx_word' id='word_1_145' title='bbox 903 1109 948 1162; x_wconf 78' lang='lat'>3.</span> <span class='ocrx_word' id='word_1_146' title='bbox 973 1114 1052 1158; x_wconf 82' lang='lat'>24.</span> <span class='ocrx_word' id='word_1_147' title='bbox 1075 1116 1099 1147; x_wconf 84' lang='lat'>2</span> <span class='ocrx_word' id='word_1_148' title='bbox 1107 1115 1155 1162; x_wconf 84' lang='lat'>5.</span> <span class='ocrx_word' id='word_1_149' title='bbox 1191 1100 1257 1147; x_wconf 88' lang='lat' dir='ltr'>Et</span> <span class='ocrx_word' id='word_1_150' title='bbox 1276 1098 1511 1148; x_wconf 83' lang='lat' dir='ltr'>indicatum</span> <span class='ocrx_word' id='word_1_151' title='bbox 1529 1098 1705 1147; x_wconf 71' lang='lat' dir='ltr'>Labant·</span> <span class='ocrx_word' id='word_1_152' title='bbox 1725 1101 1770 1147; x_wconf 87' lang='lat' dir='ltr'>in</span> <span class='ocrx_word' id='word_1_153' title='bbox 1792 1099 1860 1146; x_wconf 82' lang='lat' dir='ltr'>die</span> <span class='ocrx_word' id='word_1_154' title='bbox 1880 1101 2024 1156; x_wconf 86' lang='lat' dir='ltr'>tertio,</span> <span class='ocrx_word' id='word_1_155' title='bbox 2060 1098 2169 1163; x_wconf 84' lang='lat' dir='ltr'>quod</span> <span class='ocrx_word' id='word_1_156' title='bbox 2184 1100 2314 1163; x_wconf 84' lang='lat' dir='ltr'>fugit</span> 
     </span>
     <span class='ocr_line' id='line_1_14' title="bbox 344 1164 2312 1233; baseline -0.004 -14"><span class='ocrx_word' id='word_1_157' title='bbox 344 1169 497 1233; x_wconf 88' lang='lat' dir='ltr'><em>Jacob.</em></span> <span class='ocrx_word' id='word_1_158' title='bbox 566 1169 630 1215; x_wconf 84' lang='lat' dir='ltr'>Et</span> <span class='ocrx_word' id='word_1_159' title='bbox 646 1167 805 1230; x_wconf 84' lang='lat' dir='ltr'>accepit</span> <span class='ocrx_word' id='word_1_160' title='bbox 815 1166 990 1230; x_wconf 51' lang='lat' dir='ltr'>fratres</span> <span class='ocrx_word' id='word_1_161' title='bbox 990 1166 1095 1229; x_wconf 86' lang='lat' dir='ltr'>suos</span> <span class='ocrx_word' id='word_1_162' title='bbox 1105 1167 1268 1229; x_wconf 82' lang='lat' dir='ltr'>secum,</span> <span class='ocrx_word' id='word_1_163' title='bbox 1303 1165 1361 1215; x_wconf 79' lang='lat'><em>&amp;</em></span> <span class='ocrx_word' id='word_1_164' title='bbox 1378 1164 1655 1230; x_wconf 81' lang='lat' dir='ltr'>persequutus</span> <span class='ocrx_word' id='word_1_165' title='bbox 1678 1166 1733 1226; x_wconf 91' lang='lat' dir='ltr'>est</span> <span class='ocrx_word' id='word_1_166' title='bbox 1740 1166 1832 1228; x_wconf 84' lang='lat' dir='ltr'>post</span> <span class='ocrx_word' id='word_1_167' title='bbox 1848 1181 1940 1212; x_wconf 86' lang='lat' dir='ltr'>eum</span> <span class='ocrx_word' id='word_1_168' title='bbox 1954 1166 2034 1213; x_wconf 88' lang='lat' dir='ltr'>via</span> <span class='ocrx_word' id='word_1_169' title='bbox 2047 1166 2209 1228; x_wconf 84' lang='lat' dir='ltr'>septem</span> <span class='ocrx_word' id='word_1_170' title='bbox 2226 1165 2312 1213; x_wconf 82' lang='lat' dir='ltr'>die-</span> 
     </span>
     <span class='ocr_line' id='line_1_15' title="bbox 345 1231 2323 1293; baseline -0.003 -8"><span class='ocrx_word' id='word_1_171' title='bbox 345 1252 443 1285; x_wconf 85' lang='lat' dir='ltr'>rum</span> <span class='ocrx_word' id='word_1_172' title='bbox 457 1254 475 1291; x_wconf 68' lang='grc' dir='ltr'><strong>ς</strong></span> <span class='ocrx_word' id='word_1_173' title='bbox 508 1233 567 1284; x_wconf 82' lang='lat'><em>&amp;</em></span> <span class='ocrx_word' id='word_1_174' title='bbox 586 1231 785 1293; x_wconf 76' lang='lat' dir='ltr'>adjunxit</span> <span class='ocrx_word' id='word_1_175' title='bbox 806 1247 901 1281; x_wconf 82' lang='lat' dir='ltr'>eum</span> <span class='ocrx_word' id='word_1_176' title='bbox 922 1234 969 1280; x_wconf 84' lang='lat' dir='ltr'>in</span> <span class='ocrx_word' id='word_1_177' title='bbox 990 1241 1126 1279; x_wconf 86' lang='lat' dir='ltr'>monte</span> <span class='ocrx_word' id='word_1_178' title='bbox 1141 1231 1310 1280; x_wconf 82' lang='lat' dir='ltr'>Gilead.</span> <span class='ocrx_word' id='word_1_179' title='bbox 1380 1233 1445 1279; x_wconf 87' lang='lat' dir='ltr'>Et</span> <span class='ocrx_word' id='word_1_180' title='bbox 1467 1234 1587 1279; x_wconf 84' lang='lat' dir='ltr'>venit</span> <span class='ocrx_word' id='word_1_181' title='bbox 1599 1233 1724 1280; x_wconf 83' lang='lat' dir='ltr'>Deus</span> <span class='ocrx_word' id='word_1_182' title='bbox 1744 1231 1804 1279; x_wconf 84' lang='lat' dir='ltr'>ad</span> <span class='ocrx_word' id='word_1_183' title='bbox 1818 1231 2323 1280; x_wconf 65' lang='lat' dir='ltr'>Labaneni-Aramaeunr</span> 
     </span>
     <span class='ocr_line' id='line_1_16' title="bbox 347 1289 2319 1366; baseline -0.002 -15"><span class='ocrx_word' id='word_1_184' title='bbox 347 1303 562 1366; x_wconf 80' lang='lat' dir='ltr'>insomnio</span> <span class='ocrx_word' id='word_1_185' title='bbox 583 1303 724 1354; x_wconf 59' lang='lat' dir='ltr'>noda,</span> <span class='ocrx_word' id='word_1_186' title='bbox 758 1298 816 1348; x_wconf 56' lang='grc' dir='ltr'>ἐξ</span> <span class='ocrx_word' id='word_1_187' title='bbox 837 1298 946 1346; x_wconf 83' lang='lat' dir='ltr'>dixit</span> <span class='ocrx_word' id='word_1_188' title='bbox 966 1300 1022 1355; x_wconf 85' lang='lat' dir='ltr'>ei,</span> <span class='ocrx_word' id='word_1_189' title='bbox 1057 1315 1166 1348; x_wconf 85' lang='lat' dir='ltr'>cave</span> <span class='ocrx_word' id='word_1_190' title='bbox 1181 1299 1275 1356; x_wconf 82' lang='lat' dir='ltr'>tibi,-</span> <span class='ocrx_word' id='word_1_191' title='bbox 1309 1313 1364 1346; x_wconf 86' lang='lat' dir='ltr'>ne</span> <span class='ocrx_word' id='word_1_192' title='bbox 1370 1299 1493 1361; x_wconf 83' lang='lat' dir='ltr'>forte</span> <span class='ocrx_word' id='word_1_193' title='bbox 1509 1289 1697 1361; x_wconf 63' lang='lat' dir='ltr'>loquar-ii</span> <span class='ocrx_word' id='word_1_194' title='bbox 1718 1314 1811 1346; x_wconf 85' lang='lat' dir='ltr'>cum</span> <span class='ocrx_word' id='word_1_195' title='bbox 1834 1297 1999 1359; x_wconf 83' lang='lat' dir='ltr'>Jacobo</span> <span class='ocrx_word' id='word_1_196' title='bbox 2021 1313 2052 1343; x_wconf 80' lang='lat' dir='ltr'>a</span> <span class='ocrx_word' id='word_1_197' title='bbox 2077 1297 2180 1345; x_wconf 84' lang='lat' dir='ltr'>bono</span> <span class='ocrx_word' id='word_1_198' title='bbox 2198 1299 2319 1363; x_wconf 80' lang='lat' dir='ltr'>usque</span> 
     </span>
     <span class='ocr_line' id='line_1_17' title="bbox 345 1361 2319 1430; baseline -0.002 -16"><span class='ocrx_word' id='word_1_199' title='bbox 345 1370 407 1416; x_wconf 83' lang='lat' dir='ltr'>ad</span> <span class='ocrx_word' id='word_1_200' title='bbox 435 1369 609 1418; x_wconf 86' lang='lat' dir='ltr'>malum.</span> <span class='ocrx_word' id='word_1_201' title='bbox 685 1367 749 1413; x_wconf 84' lang='lat' dir='ltr'>Et</span> <span class='ocrx_word' id='word_1_202' title='bbox 770 1365 1006 1430; x_wconf 81' lang='lat' dir='ltr'>affequutus</span> <span class='ocrx_word' id='word_1_203' title='bbox 1028 1365 1183 1413; x_wconf 86' lang='lat' dir='ltr'>Laban</span> <span class='ocrx_word' id='word_1_204' title='bbox 1216 1363 1449 1426; x_wconf 83' lang='lat' dir='ltr'>Jacobum,</span> <span class='ocrx_word' id='word_1_205' title='bbox 1499 1361 1556 1412; x_wconf 55' lang='grc' dir='ltr'>ΕΒ</span> <span class='ocrx_word' id='word_1_206' title='bbox 1589 1363 1724 1426; x_wconf 87' lang='lat' dir='ltr'><em>Jacob</em></span> <span class='ocrx_word' id='word_1_207' title='bbox 1734 1363 1840 1423; x_wconf 83' lang='lat' dir='ltr'>fixit</span> <span class='ocrx_word' id='word_1_208' title='bbox 1860 1365 2090 1411; x_wconf 82' lang='lat' dir='ltr'>tentorium</span> <span class='ocrx_word' id='word_1_209' title='bbox 2108 1364 2239 1426; x_wconf 73' lang='lat' dir='ltr'>ficum</span> <span class='ocrx_word' id='word_1_210' title='bbox 2272 1367 2319 1412; x_wconf 84' lang='lat' dir='ltr'>in</span> 
     </span>
     <span class='ocr_line' id='line_1_18' title="bbox 346 1428 2316 1494; baseline -0.003 -11"><span class='ocrx_word' id='word_1_211' title='bbox 346 1445 499 1492; x_wconf 85' lang='lat' dir='ltr'>monte,</span> <span class='ocrx_word' id='word_1_212' title='bbox 535 1432 592 1484; x_wconf 60' lang='grc' dir='ltr'>δέ*</span> <span class='ocrx_word' id='word_1_213' title='bbox 615 1432 770 1483; x_wconf 78' lang='lat' dir='ltr'>Laban</span> <span class='ocrx_word' id='word_1_214' title='bbox 779 1430 887 1491; x_wconf 86' lang='lat' dir='ltr'>fixit</span> <span class='ocrx_word' id='word_1_215' title='bbox 919 1447 1014 1479; x_wconf 87' lang='lat' dir='ltr'>cum</span> <span class='ocrx_word' id='word_1_216' title='bbox 1034 1430 1261 1494; x_wconf 83' lang='lat' dir='ltr'>fratribus</span> <span class='ocrx_word' id='word_1_217' title='bbox 1272 1431 1365 1494; x_wconf 77' lang='lat' dir='ltr'>ficis</span> <span class='ocrx_word' id='word_1_218' title='bbox 1397 1433 1604 1479; x_wconf 80' lang='lat' dir='ltr'>inmonte</span> <span class='ocrx_word' id='word_1_219' title='bbox 1625 1428 1791 1478; x_wconf 78' lang='lat' dir='ltr'>Gilead,</span> <span class='ocrx_word' id='word_1_220' title='bbox 1860 1429 2116 1476; x_wconf 89' lang='lat' dir='ltr'>Indicatum</span> <span class='ocrx_word' id='word_1_221' title='bbox 2136 1430 2316 1478; x_wconf 87' lang='lat' dir='ltr'>Labani</span> 
     </span>
     <span class='ocr_line' id='line_1_19' title="bbox 348 1493 2315 1561; baseline -0.004 -11"><span class='ocrx_word' id='word_1_222' title='bbox 348 1502 396 1550; x_wconf 92' lang='lat' dir='ltr'>in</span> <span class='ocrx_word' id='word_1_223' title='bbox 433 1500 509 1548; x_wconf 90' lang='lat' dir='ltr'>die</span> <span class='ocrx_word' id='word_1_224' title='bbox 549 1502 702 1557; x_wconf 78' lang='lat' dir='ltr'>tertie,</span> <span class='ocrx_word' id='word_1_225' title='bbox 738 1498 962 1560; x_wconf 86' lang='lat' dir='ltr'>fignificat</span> <span class='ocrx_word' id='word_1_226' title='bbox 993 1497 1164 1557; x_wconf 86' lang='lat' dir='ltr'>finem:</span> <span class='ocrx_word' id='word_1_227' title='bbox 1198 1497 1326 1561; x_wconf 91' lang='lat' dir='ltr'>quod</span> <span class='ocrx_word' id='word_1_228' title='bbox 1350 1493 1472 1560; x_wconf 87' lang='lat' dir='ltr'>fugit</span> <span class='ocrx_word' id='word_1_229' title='bbox 1505 1497 1670 1559; x_wconf 87' lang='lat' dir='ltr'>Jacob,</span> <span class='ocrx_word' id='word_1_230' title='bbox 1704 1496 1930 1558; x_wconf 81' lang='lat' dir='ltr'>fignificat</span> <span class='ocrx_word' id='word_1_231' title='bbox 1959 1494 2315 1558; x_wconf 87' lang='lat' dir='ltr'>separationem:</span> 
     </span>
     <span class='ocr_line' id='line_1_20' title="bbox 347 1558 2319 1630; baseline -0.005 -14"><span class='ocrx_word' id='word_1_232' title='bbox 347 1566 521 1630; x_wconf 85' lang='lat' dir='ltr'>aceepit</span> <span class='ocrx_word' id='word_1_233' title='bbox 537 1565 690 1615; x_wconf 83' lang='lat' dir='ltr'>fratres</span> <span class='ocrx_word' id='word_1_234' title='bbox 713 1564 815 1612; x_wconf 77' lang='lat' dir='ltr'>suos</span> <span class='ocrx_word' id='word_1_235' title='bbox 830 1562 1002 1619; x_wconf 88' lang='lat' dir='ltr'>secum,</span> <span class='ocrx_word' id='word_1_236' title='bbox 1036 1563 1259 1627; x_wconf 87' lang='lat' dir='ltr'>fignificat</span> <span class='ocrx_word' id='word_1_237' title='bbox 1281 1563 1402 1610; x_wconf 88' lang='lat' dir='ltr'>bona</span> <span class='ocrx_word' id='word_1_238' title='bbox 1425 1562 1526 1610; x_wconf 92' lang='lat' dir='ltr'>loco</span> <span class='ocrx_word' id='word_1_239' title='bbox 1553 1561 1736 1609; x_wconf 84' lang='lat' dir='ltr'>illorum</span> <span class='ocrx_word' id='word_1_240' title='bbox 1759 1578 1867 1626; x_wconf 83' lang='lat' dir='ltr'>quae</span> <span class='ocrx_word' id='word_1_241' title='bbox 1890 1561 2070 1608; x_wconf 74' lang='lat' dir='ltr'>amisit:</span> <span class='ocrx_word' id='word_1_242' title='bbox 2105 1563 2153 1608; x_wconf 72' lang='grc' dir='ltr'>δε</span> <span class='ocrx_word' id='word_1_243' title='bbox 2174 1558 2319 1624; x_wconf 77' lang='lat' dir='ltr'>perse-</span> 
     </span>
     <span class='ocr_line' id='line_1_21' title="bbox 347 1626 2316 1697; baseline -0.003 -17"><span class='ocrx_word' id='word_1_244' title='bbox 347 1643 522 1697; x_wconf 81' lang='lat' dir='ltr'>quutus</span> <span class='ocrx_word' id='word_1_245' title='bbox 540 1628 646 1696; x_wconf 82' lang='lat' dir='ltr'>post</span> <span class='ocrx_word' id='word_1_246' title='bbox 666 1640 793 1686; x_wconf 83' lang='lat' dir='ltr'>eum,</span> <span class='ocrx_word' id='word_1_247' title='bbox 827 1631 1051 1691; x_wconf 83' lang='lat' dir='ltr'>fignificat</span> <span class='ocrx_word' id='word_1_248' title='bbox 1072 1628 1279 1676; x_wconf 86' lang='lat' dir='ltr'>ardorem</span> <span class='ocrx_word' id='word_1_249' title='bbox 1296 1626 1612 1675; x_wconf 89' lang='lat' dir='ltr'>continuatum</span> <span class='ocrx_word' id='word_1_250' title='bbox 1635 1626 1966 1688; x_wconf 67' lang='lat' dir='ltr'>conjunctionis</span> <span class='ocrx_word' id='word_1_251' title='bbox 1986 1643 1998 1674; x_wconf 76' lang='lat' dir='ltr'><strong><em>z</em></strong></span> <span class='ocrx_word' id='word_1_252' title='bbox 2035 1627 2109 1674; x_wconf 86' lang='lat' dir='ltr'>via</span> <span class='ocrx_word' id='word_1_253' title='bbox 2143 1627 2316 1689; x_wconf 88' lang='lat' dir='ltr'>septem</span> 
     </span>
     <span class='ocr_line' id='line_1_22' title="bbox 351 1691 2322 1757; baseline -0.002 -13"><span class='ocrx_word' id='word_1_254' title='bbox 351 1698 551 1752; x_wconf 78' lang='lat' dir='ltr'>dierum,</span> <span class='ocrx_word' id='word_1_255' title='bbox 585 1697 807 1757; x_wconf 83' lang='lat' dir='ltr'>fignificat</span> <span class='ocrx_word' id='word_1_256' title='bbox 822 1694 1028 1740; x_wconf 65' lang='lat' dir='ltr'>sanetum</span> <span class='ocrx_word' id='word_1_257' title='bbox 1045 1693 1139 1739; x_wconf 86' lang='lat' dir='ltr'>veri</span> <span class='ocrx_word' id='word_1_258' title='bbox 1159 1709 1172 1739; x_wconf 77' lang='lat' dir='ltr'><em>z</em></span> <span class='ocrx_word' id='word_1_259' title='bbox 1207 1695 1259 1741; x_wconf 77' lang='grc' dir='ltr'>ὅτ,</span> <span class='ocrx_word' id='word_1_260' title='bbox 1281 1691 1491 1757; x_wconf 79' lang='lat' dir='ltr'>adjunxit</span> <span class='ocrx_word' id='word_1_261' title='bbox 1512 1706 1623 1739; x_wconf 82' lang='lat' dir='ltr'>eum</span> <span class='ocrx_word' id='word_1_262' title='bbox 1641 1692 1687 1738; x_wconf 89' lang='lat' dir='ltr'>in</span> <span class='ocrx_word' id='word_1_263' title='bbox 1708 1705 1862 1740; x_wconf 88' lang='lat' dir='ltr'>monte</span> <span class='ocrx_word' id='word_1_264' title='bbox 1878 1691 2060 1747; x_wconf 79' lang='lat' dir='ltr'>Gilead,</span> <span class='ocrx_word' id='word_1_265' title='bbox 2096 1692 2322 1753; x_wconf 78' lang='lat' dir='ltr'>significat</span> 
     </span>
     <span class='ocr_line' id='line_1_23' title="bbox 350 1756 2318 1827; baseline -0.002 -18"><span class='ocrx_word' id='word_1_266' title='bbox 350 1772 433 1827; x_wconf 85' lang='lat' dir='ltr'>per</span> <span class='ocrx_word' id='word_1_267' title='bbox 468 1761 516 1808; x_wconf 87' lang='lat' dir='ltr'>id</span> <span class='ocrx_word' id='word_1_268' title='bbox 554 1758 883 1823; x_wconf 63' lang='lat' dir='ltr'>conjunflionis</span> <span class='ocrx_word' id='word_1_269' title='bbox 914 1758 1179 1822; x_wconf 85' lang='lat' dir='ltr'>quoddam:</span> <span class='ocrx_word' id='word_1_270' title='bbox 1238 1759 1288 1805; x_wconf 77' lang='grc' dir='ltr'>δε</span> <span class='ocrx_word' id='word_1_271' title='bbox 1312 1758 1439 1804; x_wconf 90' lang='lat' dir='ltr'>venit</span> <span class='ocrx_word' id='word_1_272' title='bbox 1461 1758 1591 1804; x_wconf 83' lang='lat' dir='ltr'>Deus</span> <span class='ocrx_word' id='word_1_273' title='bbox 1629 1756 1686 1804; x_wconf 89' lang='lat' dir='ltr'>ad</span> <span class='ocrx_word' id='word_1_274' title='bbox 1711 1757 1949 1806; x_wconf 83' lang='lat' dir='ltr'>Labanem</span> <span class='ocrx_word' id='word_1_275' title='bbox 1973 1759 2241 1806; x_wconf 85' lang='lat' dir='ltr'>Aramaeum</span> <span class='ocrx_word' id='word_1_276' title='bbox 2269 1759 2318 1806; x_wconf 88' lang='lat' dir='ltr'>in</span> 
     </span>
     <span class='ocr_line' id='line_1_24' title="bbox 350 1820 2321 1886; baseline -0.002 -11"><span class='ocrx_word' id='word_1_277' title='bbox 350 1827 532 1876; x_wconf 82' lang='lat' dir='ltr'>somnio</span> <span class='ocrx_word' id='word_1_278' title='bbox 547 1825 703 1881; x_wconf 64' lang='lat' dir='ltr'>noetu,</span> <span class='ocrx_word' id='word_1_279' title='bbox 726 1824 950 1884; x_wconf 85' lang='lat' dir='ltr'>fignificat</span> <span class='ocrx_word' id='word_1_280' title='bbox 966 1826 1308 1886; x_wconf 87' lang='lat' dir='ltr'>perceptionem</span> <span class='ocrx_word' id='word_1_281' title='bbox 1325 1822 1562 1877; x_wconf 82' lang='lat' dir='ltr'>obscuram</span> <span class='ocrx_word' id='word_1_282' title='bbox 1580 1822 1690 1868; x_wconf 90' lang='lat' dir='ltr'>boni</span> <span class='ocrx_word' id='word_1_283' title='bbox 1706 1821 1822 1868; x_wconf 88' lang='lat' dir='ltr'>illius</span> <span class='ocrx_word' id='word_1_284' title='bbox 1838 1821 1918 1868; x_wconf 82' lang='lat' dir='ltr'>fibi</span> <span class='ocrx_word' id='word_1_285' title='bbox 1939 1820 2079 1869; x_wconf 71' lang='lat' dir='ltr'>relieti</span> <span class='ocrx_word' id='word_1_286' title='bbox 2101 1843 2114 1876; x_wconf 77' lang='lat'>3</span> <span class='ocrx_word' id='word_1_287' title='bbox 2134 1824 2184 1871; x_wconf 73' lang='grc' dir='ltr'>δε</span> <span class='ocrx_word' id='word_1_288' title='bbox 2201 1825 2321 1871; x_wconf 83' lang='lat' dir='ltr'>dixit</span> 
     </span>
     <span class='ocr_line' id='line_1_25' title="bbox 350 1886 2320 1951; baseline -0.002 -11"><span class='ocrx_word' id='word_1_289' title='bbox 350 1894 411 1947; x_wconf 89' lang='lat' dir='ltr'>ei,</span> <span class='ocrx_word' id='word_1_290' title='bbox 444 1903 553 1938; x_wconf 84' lang='lat' dir='ltr'>cave</span> <span class='ocrx_word' id='word_1_291' title='bbox 578 1890 678 1946; x_wconf 86' lang='lat' dir='ltr'>tibi,</span> <span class='ocrx_word' id='word_1_292' title='bbox 714 1905 771 1936; x_wconf 90' lang='lat' dir='ltr'>ne</span> <span class='ocrx_word' id='word_1_293' title='bbox 792 1887 908 1937; x_wconf 82' lang='lat' dir='ltr'>sorte</span> <span class='ocrx_word' id='word_1_294' title='bbox 931 1887 1127 1951; x_wconf 84' lang='lat' dir='ltr'>loquaris</span> <span class='ocrx_word' id='word_1_295' title='bbox 1149 1902 1256 1934; x_wconf 89' lang='lat' dir='ltr'>cum</span> <span class='ocrx_word' id='word_1_296' title='bbox 1281 1887 1458 1950; x_wconf 90' lang='lat' dir='ltr'>Jacobo</span> <span class='ocrx_word' id='word_1_297' title='bbox 1495 1892 1521 1933; x_wconf 85' lang='lat' dir='ltr'>a</span> <span class='ocrx_word' id='word_1_298' title='bbox 1554 1887 1679 1934; x_wconf 92' lang='lat' dir='ltr'>bono</span> <span class='ocrx_word' id='word_1_299' title='bbox 1700 1886 1841 1951; x_wconf 88' lang='lat' dir='ltr'>usque</span> <span class='ocrx_word' id='word_1_300' title='bbox 1862 1887 1917 1933; x_wconf 89' lang='lat' dir='ltr'>ad</span> <span class='ocrx_word' id='word_1_301' title='bbox 1943 1887 2137 1945; x_wconf 82' lang='lat' dir='ltr'>malum,</span> <span class='ocrx_word' id='word_1_302' title='bbox 2179 1889 2320 1951; x_wconf 86' lang='lat' dir='ltr'>figni-</span> 
     </span>
     <span class='ocr_line' id='line_1_26' title="bbox 351 1951 2323 2021; baseline -0.001 -16"><span class='ocrx_word' id='word_1_303' title='bbox 351 1959 462 2006; x_wconf 69' lang='lat' dir='ltr'>fimt·</span> <span class='ocrx_word' id='word_1_304' title='bbox 475 1956 605 2021; x_wconf 84' lang='lat' dir='ltr'>quod</span> <span class='ocrx_word' id='word_1_305' title='bbox 629 1955 750 2002; x_wconf 84' lang='lat' dir='ltr'>nulla</span> <span class='ocrx_word' id='word_1_306' title='bbox 771 1954 1131 2017; x_wconf 64' lang='lat' dir='ltr'>communicatio</span> <span class='ocrx_word' id='word_1_307' title='bbox 1153 1953 1382 2018; x_wconf 66' lang='lat' dir='ltr'>amplius,</span> <span class='ocrx_word' id='word_1_308' title='bbox 1416 1953 1467 2000; x_wconf 90' lang='lat'>&amp;</span> <span class='ocrx_word' id='word_1_309' title='bbox 1488 1951 1747 2017; x_wconf 76' lang='lat' dir='ltr'>assequutus</span> <span class='ocrx_word' id='word_1_310' title='bbox 1767 1953 1925 2001; x_wconf 85' lang='lat' dir='ltr'>Laban</span> <span class='ocrx_word' id='word_1_311' title='bbox 1949 1954 2194 2016; x_wconf 88' lang='lat' dir='ltr'>Jacobum,</span> <span class='ocrx_word' id='word_1_312' title='bbox 2231 1956 2323 2018; x_wconf 83' lang='lat' dir='ltr'>fig-</span> 
     </span>
     <span class='ocr_line' id='line_1_27' title="bbox 351 2018 2326 2085; baseline -0.002 -13"><span class='ocrx_word' id='word_1_313' title='bbox 351 2022 508 2072; x_wconf 80' lang='lat' dir='ltr'>nificat</span> <span class='ocrx_word' id='word_1_314' title='bbox 521 2019 856 2085; x_wconf 60' lang='lat' dir='ltr'>conjunctionis</span> <span class='ocrx_word' id='word_1_315' title='bbox 876 2018 1075 2083; x_wconf 85' lang='lat' dir='ltr'>aliquid:</span> <span class='ocrx_word' id='word_1_316' title='bbox 1112 2020 1162 2067; x_wconf 71' lang='grc' dir='ltr'>ὅτ</span> <span class='ocrx_word' id='word_1_317' title='bbox 1186 2020 1336 2082; x_wconf 83' lang='lat' dir='ltr'>Jacob</span> <span class='ocrx_word' id='word_1_318' title='bbox 1357 2019 1459 2067; x_wconf 80' lang='lat' dir='ltr'>fixit</span> <span class='ocrx_word' id='word_1_319' title='bbox 1476 2019 1727 2066; x_wconf 82' lang='lat' dir='ltr'>tentorium</span> <span class='ocrx_word' id='word_1_320' title='bbox 1751 2019 1883 2066; x_wconf 87' lang='lat' dir='ltr'>suum</span> <span class='ocrx_word' id='word_1_321' title='bbox 1907 2020 1953 2065; x_wconf 91' lang='lat' dir='ltr'>in</span> <span class='ocrx_word' id='word_1_322' title='bbox 1970 2032 2144 2075; x_wconf 80' lang='lat' dir='ltr'>monte,</span> <span class='ocrx_word' id='word_1_323' title='bbox 2181 2020 2326 2082; x_wconf 76' lang='lat' dir='ltr'>ligni--</span> 
     </span>
     <span class='ocr_line' id='line_1_28' title="bbox 351 2084 2319 2150; baseline -0.002 -12"><span class='ocrx_word' id='word_1_324' title='bbox 351 2091 459 2138; x_wconf 68' lang='lat' dir='ltr'>fic‘at</span> <span class='ocrx_word' id='word_1_325' title='bbox 480 2088 648 2136; x_wconf 85' lang='lat' dir='ltr'>amoris</span> <span class='ocrx_word' id='word_1_326' title='bbox 669 2086 834 2134; x_wconf 84' lang='lat' dir='ltr'>statum</span> <span class='ocrx_word' id='word_1_327' title='bbox 858 2085 904 2132; x_wconf 89' lang='lat' dir='ltr'>in</span> <span class='ocrx_word' id='word_1_328' title='bbox 928 2100 1024 2149; x_wconf 90' lang='lat' dir='ltr'>quo</span> <span class='ocrx_word' id='word_1_329' title='bbox 1049 2085 1224 2133; x_wconf 89' lang='lat' dir='ltr'>bonum</span> <span class='ocrx_word' id='word_1_330' title='bbox 1249 2101 1329 2149; x_wconf 89' lang='lat' dir='ltr'>per</span> <span class='ocrx_word' id='word_1_331' title='bbox 1351 2085 1578 2145; x_wconf 86' lang='lat' dir='ltr'>Jacobum</span> <span class='ocrx_word' id='word_1_332' title='bbox 1615 2087 1734 2132; x_wconf 85' lang='lat' dir='ltr'>nunc</span> <span class='ocrx_word' id='word_1_333' title='bbox 1757 2084 2062 2132; x_wconf 66' lang='lat' dir='ltr'>intelleetum:</span> <span class='ocrx_word' id='word_1_334' title='bbox 2098 2086 2148 2133; x_wconf 72' lang='grc' dir='ltr'>ὅτ</span> <span class='ocrx_word' id='word_1_335' title='bbox 2171 2088 2319 2150; x_wconf 82' lang='lat' dir='ltr'>Jacob</span> 
     </span>
     <span class='ocr_line' id='line_1_29' title="bbox 353 2149 2317 2214; baseline -0.002 -10"><span class='ocrx_word' id='word_1_336' title='bbox 353 2154 461 2204; x_wconf 78' lang='lat' dir='ltr'>fixit·</span> <span class='ocrx_word' id='word_1_337' title='bbox 479 2155 725 2202; x_wconf 85' lang='lat' dir='ltr'>tentorium</span> <span class='ocrx_word' id='word_1_338' title='bbox 741 2167 850 2200; x_wconf 86' lang='lat' dir='ltr'>cum</span> <span class='ocrx_word' id='word_1_339' title='bbox 866 2150 1073 2200; x_wconf 85' lang='lat' dir='ltr'>fratribus</span> <span class='ocrx_word' id='word_1_340' title='bbox 1096 2149 1184 2199; x_wconf 88' lang='lat' dir='ltr'>suis</span> <span class='ocrx_word' id='word_1_341' title='bbox 1224 2150 1272 2199; x_wconf 87' lang='lat' dir='ltr'>in</span> <span class='ocrx_word' id='word_1_342' title='bbox 1296 2162 1452 2199; x_wconf 89' lang='lat' dir='ltr'>monte</span> <span class='ocrx_word' id='word_1_343' title='bbox 1472 2150 1657 2209; x_wconf 89' lang='lat' dir='ltr'>Gilead,</span> <span class='ocrx_word' id='word_1_344' title='bbox 1691 2151 1911 2214; x_wconf 85' lang='lat' dir='ltr'>fignificat</span> <span class='ocrx_word' id='word_1_345' title='bbox 1933 2151 2096 2199; x_wconf 85' lang='lat' dir='ltr'>statum</span> <span class='ocrx_word' id='word_1_346' title='bbox 2120 2152 2229 2201; x_wconf 88' lang='lat' dir='ltr'>boni</span> <span class='ocrx_word' id='word_1_347' title='bbox 2270 2153 2317 2200; x_wconf 88' lang='lat' dir='ltr'>in</span> 
     </span>
     <span class='ocr_line' id='line_1_30' title="bbox 349 2217 1911 2286; baseline -0.003 -17"><span class='ocrx_word' id='word_1_348' title='bbox 349 2221 506 2286; x_wconf 83' lang='lat' dir='ltr'>aliquo</span> <span class='ocrx_word' id='word_1_349' title='bbox 521 2218 853 2283; x_wconf 62' lang='lat' dir='ltr'>conjunctionis</span> <span class='ocrx_word' id='word_1_350' title='bbox 876 2217 1012 2267; x_wconf 87' lang='lat' dir='ltr'>illius.</span> <span class='ocrx_word' id='word_1_351' title='bbox 1901 2227 1911 2233; x_wconf 86' lang='grc'>·</span> 
     </span>
    </p>

    <p class='ocr_par' dir='ltr' id='par_1_4' title="bbox 333 2280 2322 2612">
     <span class='ocr_line' id='line_1_31' title="bbox 364 2280 2318 2350; baseline -0.002 -14"><span class='ocrx_word' id='word_1_352' title='bbox 364 2306 369 2309; x_wconf 69' lang='grc'><strong><em>’</em></strong></span> <span class='ocrx_word' id='word_1_353' title='bbox 422 2290 571 2350; x_wconf 79' lang='lat'>41&#39;19‘.</span> <span class='ocrx_word' id='word_1_354' title='bbox 608 2285 868 2333; x_wconf 81' lang='lat' dir='ltr'>Iudicatum</span> <span class='ocrx_word' id='word_1_355' title='bbox 887 2284 1066 2334; x_wconf 86' lang='lat' dir='ltr'>Labani</span> <span class='ocrx_word' id='word_1_356' title='bbox 1091 2284 1136 2333; x_wconf 88' lang='lat' dir='ltr'>in</span> <span class='ocrx_word' id='word_1_357' title='bbox 1160 2283 1235 2332; x_wconf 87' lang='lat' dir='ltr'>die</span> <span class='ocrx_word' id='word_1_358' title='bbox 1247 2283 1398 2341; x_wconf 79' lang='lat' dir='ltr'>tertie,</span> <span class='ocrx_word' id='word_1_359' title='bbox 1432 2282 1556 2348; x_wconf 90' lang='lat' dir='ltr'>quod</span> <span class='ocrx_word' id='word_1_360' title='bbox 1578 2280 1803 2345; x_wconf 85' lang='lat' dir='ltr'>fignificet</span> <span class='ocrx_word' id='word_1_361' title='bbox 1827 2281 1982 2338; x_wconf 84' lang='lat' dir='ltr'>finem,</span> <span class='ocrx_word' id='word_1_362' title='bbox 2018 2299 2186 2347; x_wconf 89' lang='lat' dir='ltr'>nempe</span> <span class='ocrx_word' id='word_1_363' title='bbox 2210 2300 2318 2332; x_wconf 88' lang='lat' dir='ltr'>con-</span> 
     </span>
     <span class='ocr_line' id='line_1_32' title="bbox 333 2347 2321 2416; baseline -0.001 -16"><span class='ocrx_word' id='word_1_364' title='bbox 333 2388 335 2390; x_wconf 25' lang='lat' dir='ltr'>v</span> <span class='ocrx_word' id='word_1_365' title='bbox 347 2352 616 2416; x_wconf 59' lang='lat' dir='ltr'>junctionis,</span> <span class='ocrx_word' id='word_1_366' title='bbox 650 2350 823 2398; x_wconf 86' lang='lat' dir='ltr'>constat</span> <span class='ocrx_word' id='word_1_367' title='bbox 843 2366 870 2398; x_wconf 91' lang='lat' dir='ltr'>a</span> <span class='ocrx_word' id='word_1_368' title='bbox 891 2350 1219 2415; x_wconf 75' lang='lat' dir='ltr'>significatione</span> <span class='ocrx_word' id='word_1_369' title='bbox 1242 2350 1334 2398; x_wconf 88' lang='lat' dir='ltr'>diei</span> <span class='ocrx_word' id='word_1_370' title='bbox 1361 2351 1501 2405; x_wconf 88' lang='lat' dir='ltr'>tertii,</span> <span class='ocrx_word' id='word_1_371' title='bbox 1537 2348 1663 2412; x_wconf 90' lang='lat' dir='ltr'>quod</span> <span class='ocrx_word' id='word_1_372' title='bbox 1690 2347 1742 2395; x_wconf 78' lang='lat' dir='ltr'>sit</span> <span class='ocrx_word' id='word_1_373' title='bbox 1781 2347 2022 2405; x_wconf 87' lang='lat' dir='ltr'>ultimum,</span> <span class='ocrx_word' id='word_1_374' title='bbox 2059 2362 2160 2397; x_wconf 86' lang='lat' dir='ltr'>tum</span> <span class='ocrx_word' id='word_1_375' title='bbox 2193 2367 2321 2398; x_wconf 82' lang='lat' dir='ltr'>com-</span> 
     </span>
     <span class='ocr_line' id='line_1_33' title="bbox 354 2413 2322 2482; baseline -0.002 -16"><span class='ocrx_word' id='word_1_376' title='bbox 354 2419 550 2482; x_wconf 81' lang='lat' dir='ltr'>pletum,</span> <span class='ocrx_word' id='word_1_377' title='bbox 585 2419 648 2465; x_wconf 87' lang='lat' dir='ltr'>ita</span> <span class='ocrx_word' id='word_1_378' title='bbox 666 2417 786 2474; x_wconf 72' lang='lat' dir='ltr'>finiS,</span> <span class='ocrx_word' id='word_1_379' title='bbox 818 2416 993 2482; x_wconf 82' lang='lat' dir='ltr'>dequa</span> <span class='ocrx_word' id='word_1_380' title='bbox 1015 2434 1069 2464; x_wconf 88' lang='lat' dir='ltr'>n:</span> <span class='ocrx_word' id='word_1_381' title='bbox 1107 2421 1249 2478; x_wconf 84' lang='lat'><strong>1825.</strong></span> <span class='ocrx_word' id='word_1_382' title='bbox 1271 2419 1423 2477; x_wconf 81' lang='lat'>2788,</span> <span class='ocrx_word' id='word_1_383' title='bbox 1457 2417 1508 2471; x_wconf 71' lang='lat' dir='ltr'>&amp;j</span> <span class='ocrx_word' id='word_1_384' title='bbox 1543 2422 1740 2479; x_wconf 86' lang='lat' dir='ltr'>quoque·</span> <span class='ocrx_word' id='word_1_385' title='bbox 1762 2413 2038 2477; x_wconf 88' lang='lat' dir='ltr'>principium</span> <span class='ocrx_word' id='word_1_386' title='bbox 2079 2431 2132 2461; x_wconf 89' lang='lat' dir='ltr'>n:</span> <span class='ocrx_word' id='word_1_387' title='bbox 2171 2415 2322 2478; x_wconf 81' lang='lat'>2788,</span> 
     </span>
     <span class='ocr_line' id='line_1_34' title="bbox 360 2479 2317 2545; baseline -0.001 -15"><span class='ocrx_word' id='word_1_388' title='bbox 360 2484 465 2530; x_wconf 87' lang='lat' dir='ltr'>finis</span> <span class='ocrx_word' id='word_1_389' title='bbox 482 2484 608 2530; x_wconf 89' lang='lat' dir='ltr'>enim</span> <span class='ocrx_word' id='word_1_390' title='bbox 622 2483 760 2530; x_wconf 86' lang='lat' dir='ltr'>status</span> <span class='ocrx_word' id='word_1_391' title='bbox 781 2481 1134 2545; x_wconf 66' lang='lat' dir='ltr'>conjunctionis,</span> <span class='ocrx_word' id='word_1_392' title='bbox 1170 2483 1234 2530; x_wconf 91' lang='lat' dir='ltr'>est</span> <span class='ocrx_word' id='word_1_393' title='bbox 1260 2479 1543 2545; x_wconf 85' lang='lat' dir='ltr'>principium</span> <span class='ocrx_word' id='word_1_394' title='bbox 1566 2480 1702 2527; x_wconf 85' lang='lat' dir='ltr'>status</span> <span class='ocrx_word' id='word_1_395' title='bbox 1725 2479 1971 2543; x_wconf 78' lang='lat' dir='ltr'>sequentiS,</span> <span class='ocrx_word' id='word_1_396' title='bbox 2007 2480 2087 2545; x_wconf 90' lang='lat' dir='ltr'>qui</span> <span class='ocrx_word' id='word_1_397' title='bbox 2107 2480 2171 2528; x_wconf 90' lang='lat' dir='ltr'>est</span> <span class='ocrx_word' id='word_1_398' title='bbox 2190 2483 2317 2545; x_wconf 85' lang='lat' dir='ltr'>sepa·</span> 
     </span>
     <span class='ocr_line' id='line_1_35' title="bbox 355 2545 1855 2612; baseline -0.003 -15"><span class='ocrx_word' id='word_1_399' title='bbox 355 2548 555 2604; x_wconf 79' lang='lat' dir='ltr'>rationis,</span> <span class='ocrx_word' id='word_1_400' title='bbox 589 2549 671 2610; x_wconf 88' lang='lat' dir='ltr'>qui</span> <span class='ocrx_word' id='word_1_401' title='bbox 689 2546 826 2605; x_wconf 86' lang='lat' dir='ltr'>status</span> <span class='ocrx_word' id='word_1_402' title='bbox 841 2545 978 2608; x_wconf 70' lang='lat' dir='ltr'>eiiam</span> <span class='ocrx_word' id='word_1_403' title='bbox 1001 2556 1084 2612; x_wconf 82' lang='lat' dir='ltr'>per</span> <span class='ocrx_word' id='word_1_404' title='bbox 1105 2549 1233 2595; x_wconf 88' lang='lat' dir='ltr'>diem</span> <span class='ocrx_word' id='word_1_405' title='bbox 1256 2546 1443 2594; x_wconf 86' lang='lat' dir='ltr'>tertium</span> <span class='ocrx_word' id='word_1_406' title='bbox 1467 2546 1540 2594; x_wconf 90' lang='lat' dir='ltr'>hic</span> <span class='ocrx_word' id='word_1_407' title='bbox 1561 2545 1855 2608; x_wconf 78' lang='lat' dir='ltr'>significatur.</span> 
     </span>
    </p>

    <p class='ocr_par' dir='ltr' id='par_1_5' title="bbox 355 2610 2326 2743">
     <span class='ocr_line' id='line_1_36' title="bbox 421 2610 2326 2678; baseline 0 -17"><span class='ocrx_word' id='word_1_408' title='bbox 421 2630 569 2673; x_wconf 54' lang='lat'>412202</span> <span class='ocrx_word' id='word_1_409' title='bbox 605 2612 745 2672; x_wconf 78' lang='lat' dir='ltr'>Quod</span> <span class='ocrx_word' id='word_1_410' title='bbox 762 2610 884 2676; x_wconf 81' lang='lat' dir='ltr'>fugit</span> <span class='ocrx_word' id='word_1_411' title='bbox 901 2615 1065 2676; x_wconf 87' lang='lat' dir='ltr'>Jacob,</span> <span class='ocrx_word' id='word_1_412' title='bbox 1100 2613 1229 2678; x_wconf 92' lang='lat' dir='ltr'>quod</span> <span class='ocrx_word' id='word_1_413' title='bbox 1261 2611 1483 2674; x_wconf 79' lang='lat' dir='ltr'>significet</span> <span class='ocrx_word' id='word_1_414' title='bbox 1506 2611 1850 2676; x_wconf 79' lang='lat' dir='ltr'>separationem,</span> <span class='ocrx_word' id='word_1_415' title='bbox 1885 2611 2056 2660; x_wconf 87' lang='lat' dir='ltr'>constat</span> <span class='ocrx_word' id='word_1_416' title='bbox 2089 2630 2114 2660; x_wconf 90' lang='lat' dir='ltr'>a</span> <span class='ocrx_word' id='word_1_417' title='bbox 2150 2613 2326 2676; x_wconf 81' lang='lat' dir='ltr'>signifi··</span> 
     </span>
     <span class='ocr_line' id='line_1_37' title="bbox 355 2667 1962 2743; baseline -0.002 -14"><span class='ocrx_word' id='word_1_418' title='bbox 355 2681 532 2729; x_wconf 84' lang='lat' dir='ltr'>catione</span> <span class='ocrx_word' id='word_1_419' title='bbox 550 2678 723 2739; x_wconf 72' lang='lat' dir='ltr'>fugere,</span> <span class='ocrx_word' id='word_1_420' title='bbox 759 2678 957 2742; x_wconf 74' lang='lat' dir='ltr'>qubd&#39;fit</span> <span class='ocrx_word' id='word_1_421' title='bbox 975 2681 1180 2743; x_wconf 76' lang='lat' dir='ltr'>separari,</span> <span class='ocrx_word' id='word_1_422' title='bbox 1215 2678 1274 2725; x_wconf 87' lang='lat' dir='ltr'>de</span> <span class='ocrx_word' id='word_1_423' title='bbox 1296 2680 1388 2742; x_wconf 79' lang='lat' dir='ltr'>qua</span> <span class='ocrx_word' id='word_1_424' title='bbox 1412 2678 1544 2741; x_wconf 83' lang='lat' dir='ltr'>supra</span> <span class='ocrx_word' id='word_1_425' title='bbox 1567 2694 1619 2725; x_wconf 83' lang='lat' dir='ltr'>n:</span> <span class='ocrx_word' id='word_1_426' title='bbox 1646 2667 1791 2740; x_wconf 74' lang='lat' dir='ltr'>4i’i&#39;&#39;3.</span> <span class='ocrx_word' id='word_1_427' title='bbox 1817 2695 1874 2737; x_wconf 87' lang='lat'>41</span> <span class='ocrx_word' id='word_1_428' title='bbox 1891 2696 1962 2736; x_wconf 78' lang='lat'>14.</span> 
     </span>
    </p>

    <p class='ocr_par' dir='ltr' id='par_1_6' title="bbox 357 2743 2330 3136">
     <span class='ocr_line' id='line_1_38' title="bbox 422 2743 2329 2809; baseline -0.001 -16"><span class='ocrx_word' id='word_1_429' title='bbox 422 2760 572 2804; x_wconf 84' lang='lat'>4121.</span> <span class='ocrx_word' id='word_1_430' title='bbox 608 2743 671 2791; x_wconf 86' lang='lat' dir='ltr'>Et</span> <span class='ocrx_word' id='word_1_431' title='bbox 689 2743 860 2807; x_wconf 80' lang='lat' dir='ltr'>accepit</span> <span class='ocrx_word' id='word_1_432' title='bbox 879 2743 1029 2794; x_wconf 74' lang='lat' dir='ltr'>fratres</span> <span class='ocrx_word' id='word_1_433' title='bbox 1047 2745 1331 2801; x_wconf 83' lang='lat' dir='ltr'>suos&#39;secum,</span> <span class='ocrx_word' id='word_1_434' title='bbox 1365 2743 1496 2808; x_wconf 87' lang='lat' dir='ltr'>quod</span> <span class='ocrx_word' id='word_1_435' title='bbox 1514 2743 1733 2808; x_wconf 79' lang='lat' dir='ltr'>significet</span> <span class='ocrx_word' id='word_1_436' title='bbox 1756 2745 1874 2790; x_wconf 83' lang='lat' dir='ltr'>bona</span> <span class='ocrx_word' id='word_1_437' title='bbox 1889 2745 1989 2790; x_wconf 90' lang='lat' dir='ltr'>loco</span> <span class='ocrx_word' id='word_1_438' title='bbox 2007 2743 2189 2791; x_wconf 88' lang='lat' dir='ltr'>illorum</span> <span class='ocrx_word' id='word_1_439' title='bbox 2213 2749 2329 2809; x_wconf 69' lang='lat' dir='ltr'>quse&#39;</span> 
     </span>
     <span class='ocr_line' id='line_1_39' title="bbox 357 2808 2325 2873; baseline -0.001 -13"><span class='ocrx_word' id='word_1_440' title='bbox 357 2811 523 2869; x_wconf 77' lang='lat' dir='ltr'>amisit,</span> <span class='ocrx_word' id='word_1_441' title='bbox 558 2809 792 2857; x_wconf 81' lang='lat' dir='ltr'>constata</span> <span class='ocrx_word' id='word_1_442' title='bbox 822 2809 1151 2872; x_wconf 69' lang='lat' dir='ltr'>significatione</span> <span class='ocrx_word' id='word_1_443' title='bbox 1174 2810 1380 2871; x_wconf 78' lang='lat' dir='ltr'>fratrum,</span> <span class='ocrx_word' id='word_1_444' title='bbox 1416 2810 1543 2873; x_wconf 90' lang='lat' dir='ltr'>quod</span> <span class='ocrx_word' id='word_1_445' title='bbox 1566 2810 1652 2857; x_wconf 75' lang='lat' dir='ltr'>sint</span> <span class='ocrx_word' id='word_1_446' title='bbox 1675 2809 1813 2865; x_wconf 87' lang='lat' dir='ltr'>bona,</span> <span class='ocrx_word' id='word_1_447' title='bbox 1856 2808 1914 2854; x_wconf 91' lang='lat' dir='ltr'>de</span> <span class='ocrx_word' id='word_1_448' title='bbox 1945 2824 2037 2872; x_wconf 78' lang='lat' dir='ltr'>qua</span> <span class='ocrx_word' id='word_1_449' title='bbox 2077 2827 2130 2856; x_wconf 89' lang='lat' dir='ltr'>n:</span> <span class='ocrx_word' id='word_1_450' title='bbox 2174 2826 2230 2870; x_wconf 84' lang='lat'>23</span> <span class='ocrx_word' id='word_1_451' title='bbox 2243 2812 2325 2858; x_wconf 85' lang='lat'><em>60.-</em></span> 
     </span>
     <span class='ocr_line' id='line_1_40' title="bbox 360 2872 2323 2942; baseline -0.001 -15"><span class='ocrx_word' id='word_1_452' title='bbox 360 2872 505 2942; x_wconf 73' lang='grc'><strong>3160.</strong></span> <span class='ocrx_word' id='word_1_453' title='bbox 531 2892 677 2939; x_wconf 80' lang='lat'><strong>3303.</strong></span> <span class='ocrx_word' id='word_1_454' title='bbox 706 2890 847 2939; x_wconf 81' lang='lat'>3459.</span> <span class='ocrx_word' id='word_1_455' title='bbox 870 2879 1014 2939; x_wconf 82' lang='lat'><em>3803.</em></span> <span class='ocrx_word' id='word_1_456' title='bbox 1045 2879 1168 2940; x_wconf 71' lang='lat'>3815</span> <span class='ocrx_word' id='word_1_457' title='bbox 1186 2898 1202 2931; x_wconf 70' lang='grc' dir='ltr'>ς</span> <span class='ocrx_word' id='word_1_458' title='bbox 1236 2876 1496 2940; x_wconf 64' lang='grc' dir='ltr'>Ρετΐηιὲτες</span> <span class='ocrx_word' id='word_1_459' title='bbox 1515 2875 1559 2932; x_wconf 89' lang='lat' dir='ltr'>in</span> <span class='ocrx_word' id='word_1_460' title='bbox 1579 2873 1701 2922; x_wconf 90' lang='lat' dir='ltr'>sensu</span> <span class='ocrx_word' id='word_1_461' title='bbox 1719 2872 1896 2921; x_wconf 89' lang='lat' dir='ltr'>interno</span> <span class='ocrx_word' id='word_1_462' title='bbox 1910 2873 2218 2935; x_wconf 71' lang='lat' dir='ltr'>significantur</span> <span class='ocrx_word' id='word_1_463' title='bbox 2240 2877 2323 2932; x_wconf 83' lang='lat' dir='ltr'>illi,</span> 
     </span>
     <span class='ocr_line' id='line_1_41' title="bbox 359 2938 2329 3007; baseline -0.001 -18"><span class='ocrx_word' id='word_1_464' title='bbox 359 2942 441 3007; x_wconf 81' lang='lat' dir='ltr'>qui</span> <span class='ocrx_word' id='word_1_465' title='bbox 467 2942 513 2989; x_wconf 92' lang='lat' dir='ltr'>in</span> <span class='ocrx_word' id='word_1_466' title='bbox 530 2942 664 2990; x_wconf 87' lang='lat' dir='ltr'>fimili</span> <span class='ocrx_word' id='word_1_467' title='bbox 684 2941 810 2988; x_wconf 84' lang='lat' dir='ltr'>bono</span> <span class='ocrx_word' id='word_1_468' title='bbox 833 2942 882 2990; x_wconf 84' lang='lat'>&amp;</span> <span class='ocrx_word' id='word_1_469' title='bbox 906 2950 1017 2990; x_wconf 78' lang='lat' dir='ltr'>vero</span> <span class='ocrx_word' id='word_1_470' title='bbox 1031 2943 1148 2998; x_wconf 91' lang='lat' dir='ltr'>sunt,</span> <span class='ocrx_word' id='word_1_471' title='bbox 1171 2944 1258 2992; x_wconf 87' lang='lat' dir='ltr'>hoc</span> <span class='ocrx_word' id='word_1_472' title='bbox 1274 2941 1356 2999; x_wconf 86' lang='lat' dir='ltr'>est,</span> <span class='ocrx_word' id='word_1_473' title='bbox 1383 2941 1427 2987; x_wconf 89' lang='lat' dir='ltr'>in</span> <span class='ocrx_word' id='word_1_474' title='bbox 1444 2941 1578 2987; x_wconf 79' lang='lat' dir='ltr'>fimili</span> <span class='ocrx_word' id='word_1_475' title='bbox 1598 2938 1840 3004; x_wconf 52' lang='lat' dir='ltr'>affectione,</span> <span class='ocrx_word' id='word_1_476' title='bbox 1855 2940 2035 2988; x_wconf 76' lang='lat' dir='ltr'>boni&amp;</span> <span class='ocrx_word' id='word_1_477' title='bbox 2062 2942 2152 2988; x_wconf 88' lang='lat' dir='ltr'>veri</span> <span class='ocrx_word' id='word_1_478' title='bbox 2175 2964 2188 2995; x_wconf 69' lang='grc' dir='ltr'><strong>ς</strong></span> <span class='ocrx_word' id='word_1_479' title='bbox 2213 2939 2329 2990; x_wconf 78' lang='grc' dir='ltr'><em>εοη-’</em></span> 
     </span>
     <span class='ocr_line' id='line_1_42' title="bbox 362 3004 2330 3070; baseline -0.001 -14"><span class='ocrx_word' id='word_1_480' title='bbox 362 3010 581 3057; x_wconf 87' lang='lat' dir='ltr'>sociantur</span> <span class='ocrx_word' id='word_1_481' title='bbox 597 3006 723 3054; x_wconf 89' lang='lat' dir='ltr'>enim</span> <span class='ocrx_word' id='word_1_482' title='bbox 745 3020 906 3055; x_wconf 87' lang='lat' dir='ltr'>omnes</span> <span class='ocrx_word' id='word_1_483' title='bbox 929 3008 973 3055; x_wconf 89' lang='lat' dir='ltr'>in</span> <span class='ocrx_word' id='word_1_484' title='bbox 993 3008 1258 3055; x_wconf 69' lang='lat' dir='ltr'>altera‘vita</span> <span class='ocrx_word' id='word_1_485' title='bbox 1296 3006 1545 3058; x_wconf 87' lang='lat' dir='ltr'>secundum</span> <span class='ocrx_word' id='word_1_486' title='bbox 1567 3004 1844 3063; x_wconf 65' lang='lat' dir='ltr'>affectiones,</span> <span class='ocrx_word' id='word_1_487' title='bbox 1879 3005 1929 3053; x_wconf 78' lang='grc' dir='ltr'>δε</span> <span class='ocrx_word' id='word_1_488' title='bbox 1967 3006 2046 3070; x_wconf 84' lang='lat' dir='ltr'>qui</span> <span class='ocrx_word' id='word_1_489' title='bbox 2084 3007 2330 3056; x_wconf 84' lang='lat' dir='ltr'>consociati¹</span> 
     </span>
     <span class='ocr_line' id='line_1_43' title="bbox 363 3069 2330 3136; baseline -0.002 -14"><span class='ocrx_word' id='word_1_490' title='bbox 363 3075 483 3130; x_wconf 86' lang='lat' dir='ltr'>sunt,</span> <span class='ocrx_word' id='word_1_491' title='bbox 517 3072 841 3121; x_wconf 73' lang='lat' dir='ltr'>fraternitatem</span> <span class='ocrx_word' id='word_1_492' title='bbox 864 3073 1159 3129; x_wconf 87' lang='lat' dir='ltr'>constituunt,</span> <span class='ocrx_word' id='word_1_493' title='bbox 1193 3087 1285 3119; x_wconf 90' lang='lat' dir='ltr'>non</span> <span class='ocrx_word' id='word_1_494' title='bbox 1302 3071 1428 3135; x_wconf 89' lang='lat' dir='ltr'>quod</span> <span class='ocrx_word' id='word_1_495' title='bbox 1447 3070 1597 3117; x_wconf 82' lang='lat' dir='ltr'>dl&#39;cant</span> <span class='ocrx_word' id='word_1_496' title='bbox 1620 3070 1663 3116; x_wconf 85' lang='lat' dir='ltr'>se</span> <span class='ocrx_word' id='word_1_497' title='bbox 1679 3069 1869 3129; x_wconf 84' lang='lat' dir='ltr'>fratres‚·</span> <span class='ocrx_word' id='word_1_498' title='bbox 1887 3071 1960 3119; x_wconf 89' lang='lat' dir='ltr'>sed</span> <span class='ocrx_word' id='word_1_499' title='bbox 1980 3073 2106 3136; x_wconf 88' lang='lat' dir='ltr'>quod</span> <span class='ocrx_word' id='word_1_500' title='bbox 2128 3075 2211 3121; x_wconf 74' lang='lat' dir='ltr'>sint</span> <span class='ocrx_word' id='word_1_501' title='bbox 2243 3073 2330 3120; x_wconf 70' lang='lat' dir='ltr'>fra-²</span> 
     </span>
    </p>

    <p class='ocr_par' dir='ltr' id='par_1_7' title="bbox 301 3136 2346 3320">
     <span class='ocr_line' id='line_1_44' title="bbox 301 3136 2329 3203; baseline -0.002 -15"><span class='ocrx_word' id='word_1_502' title='bbox 301 3192 305 3196; x_wconf 59' lang='grc'><strong>,</strong></span> <span class='ocrx_word' id='word_1_503' title='bbox 362 3152 452 3188; x_wconf 84' lang='lat' dir='ltr'>tres</span> <span class='ocrx_word' id='word_1_504' title='bbox 474 3152 554 3203; x_wconf 85' lang='lat' dir='ltr'>per</span> <span class='ocrx_word' id='word_1_505' title='bbox 569 3136 969 3201; x_wconf 66' lang='lat' dir='ltr'>conjunfflon&#39;em3</span> <span class='ocrx_word' id='word_1_506' title='bbox 1004 3139 1154 3203; x_wconf 91' lang='lat' dir='ltr'>ipsum</span> <span class='ocrx_word' id='word_1_507' title='bbox 1175 3140 1351 3187; x_wconf 90' lang='lat' dir='ltr'>bonum</span> <span class='ocrx_word' id='word_1_508' title='bbox 1370 3139 1419 3185; x_wconf 72' lang='grc' dir='ltr'>δε</span> <span class='ocrx_word' id='word_1_509' title='bbox 1437 3152 1598 3184; x_wconf 89' lang='lat' dir='ltr'>verum</span> <span class='ocrx_word' id='word_1_510' title='bbox 1616 3136 1662 3183; x_wconf 90' lang='lat' dir='ltr'>in</span> <span class='ocrx_word' id='word_1_511' title='bbox 1685 3137 1824 3185; x_wconf 88' lang='lat' dir='ltr'>altera</span> <span class='ocrx_word' id='word_1_512' title='bbox 1839 3137 1933 3185; x_wconf 89' lang='lat' dir='ltr'>vita</span> <span class='ocrx_word' id='word_1_513' title='bbox 1946 3136 2116 3186; x_wconf 88' lang='lat' dir='ltr'>faciunt</span> <span class='ocrx_word' id='word_1_514' title='bbox 2136 3139 2182 3186; x_wconf 86' lang='lat' dir='ltr'>id</span> <span class='ocrx_word' id='word_1_515' title='bbox 2200 3136 2329 3203; x_wconf 87' lang='lat' dir='ltr'>quod</span> 
     </span>
     <span class='ocr_line' id='line_1_45' title="bbox 362 3203 2330 3277; baseline -0.003 -22"><span class='ocrx_word' id='word_1_516' title='bbox 362 3205 557 3274; x_wconf 65' lang='lat' dir='ltr'>interris</span> <span class='ocrx_word' id='word_1_517' title='bbox 579 3214 768 3256; x_wconf 72' lang='lat' dir='ltr'>vocatur</span> <span class='ocrx_word' id='word_1_518' title='bbox 787 3206 1174 3270; x_wconf 83' lang='lat' dir='ltr'>consanguineum</span> <span class='ocrx_word' id='word_1_519' title='bbox 1210 3204 1434 3263; x_wconf 64' lang='lat' dir='ltr'>{Sc-affine,</span> <span class='ocrx_word' id='word_1_520' title='bbox 1471 3215 1748 3268; x_wconf 81' lang='lat' dir='ltr'>quapropter</span> <span class='ocrx_word' id='word_1_521' title='bbox 1780 3203 2159 3269; x_wconf 87' lang='lat' dir='ltr'>correspondent:</span> <span class='ocrx_word' id='word_1_522' title='bbox 2211 3207 2330 3277; x_wconf 72' lang='lat' dir='ltr'>bona¹</span> 
     </span>
     <span class='ocr_line' id='line_1_46' title="bbox 343 3285 2346 3320; baseline -0.001 2"><span class='ocrx_word' id='word_1_523' title='bbox 343 3287 348 3291; x_wconf 81' lang='grc'><strong>’</strong></span> <span class='ocrx_word' id='word_1_524' title='bbox 408 3288 411 3294; x_wconf 93' lang='grc'><em>·</em></span> <span class='ocrx_word' id='word_1_525' title='bbox 2206 3285 2346 3320; x_wconf 64' lang='lat' dir='ltr'>enimv</span> 
     </span>
    </p>
   </div>
  </div>
 </body>
</html>
