2690 3692
425 300 517 365 24
776 277 836 345 G
968 274 1039 346 E
1131 291 1134 293 ’
1168 271 1261 343 N
1384 271 1453 343 E
1482 333 1491 341 ,
1577 275 1637 347 S
1764 273 1817 344 I
1938 277 2002 348 S.

424 411 482 457 ad
508 410 760 458 hominem:
797 412 831 458 is
850 407 1013 455 elevari
1050 407 1234 465 dicitur,
1267 422 1374 456 cum
1398 408 1585 473 propius
1607 407 1779 457 accedit
1812 408 1868 456 ad
1897 409 2111 469 coelestia,
2146 411 2197 462 ‘ac
2219 407 2307 469 Boc
2328 429 2387 465 ex

425 476 566 533 causa,
602 477 703 539 quia
721 475 888 522 coelum
912 473 1107 522 creditur
1128 475 1355 522 elevatum
1373 474 1460 522 effe
1478 475 1551 523 seu
1569 477 1615 522 in
1639 475 1746 532 alto,
1774 489 1832 520 ex
1843 477 2100 538 apparentia
2119 478 2176 525 ita
2199 479 2387 539 dieitur,

424 543 596 589 coelum
615 542 756 598 enim,
794 539 988 603 proinde
1010 540 1081 586 illa
1102 555 1210 603 quae
1228 540 1326 587 sunt
1349 539 1474 597 coeli,
1510 556 1674 604 nempe
1691 539 1887 588 coelestia
1922 542 1971 588 &
1997 541 2254 605 spiritualia,
2282 543 2385 609 *nou

424 607 525 653 sunt
560 607 602 652 in
628 607 735 661 alto,
771 604 844 652 sed
869 604 916 652 in
941 605 1134 660 interno,
1170 606 1379 653 videatur
1401 622 1453 652 n:
1478 623 1591 668 453.
1622 622 1763 672 1735.
1793 609 1955 665 2148‘3
2004 622 2139 671 quare
2162 609 2317 667 homo)
2334 614 2382 660 in

424 675 543 717 coelo
556 671 619 717 est
634 670 782 733 quoad
806 672 1031 725 interiora,
1066 687 1169 717 cum
1195 671 1240 716 in
1260 670 1475 733 spirituali
1495 687 1646 718 amore
1665 673 1715 719 &
1734 670 1841 719 fide.
2314 685 2318 727 J

486 752 633 795 4104.
671 736 734 783 Et
757 735 925 784 sustulit
950 736 1063 782 filios
1086 736 1184 782 suos
1207 736 1257 782 &
1280 735 1483 783 faeminas
1506 735 1598 783 suas
1620 737 1750 801 super
1769 736 1978 793 camelos,
2012 737 2140 800 quod
2163 732 2385 801 significet

425 802 732 848 elevationem
752 802 993 849 veritatum
1017 802 1066 848 &
1089 800 1381 847 affectionum
1404 801 1597 856 illarum,
1633 801 1679 849 &
1703 800 2034 849 ordinationem
2058 803 2104 851 in
2125 807 2383 854 communi-

421 867 520 923 buS,
554 867 724 915 constat
747 883 772 915 a
792 868 1117 931 significatione
1152 865 1373 923 filiorum,
1404 867 1529 930 quod
1569 867 1655 916 s1nt
1693 882 1814 922 vera,
1850 867 1908 915 de
1938 884 2027 932 qua
2048 885 2104 917 n:
2128 872 2242 932 489.
2266 887 2382 933 491.

421 949 534 995 533.
569 951 584 982 ι
602 949 712 996 147.
739 934 862 995 2623
888 953 902 986 ;
939 948 964 979 a
1002 931 1326 995 significatione
1350 931 1652 988 faeminarum,
1687 932 1760 980 hic
1784 932 2009 991 Rachelis‚
2044 936 2093 982 δε
2116 936 2245 992 Leae,
2282 949 2383 984 tum

418 998 697 1055 ancillarum,
733 997 858 1062 quod
881 998 967 1045 fint
988 997 1247 1044 affectiones
1286 997 1398 1054 veri,
1431 997 1766 1059 cognitionum,
1799 999 1851 1045 ὅτ
1874 998 2168 1057 scientiarum,
2202 1001 2259 1048 de
2293 1017 2384 1064 qua

417 1066 572 1127 prius;
606 1064 656 1112 &
680 1079 736 1111 ex
758 1062 1084 1125 fignificatione
1122 1063 1413 1120 camelorum,
1460 1063 1587 1128 quod
1626 1063 1712 1111 sint
1755 1063 1994 1112 scientifica
2030 1067 2292 1114 communia
2335 1067 2383 1117 in

406 1129 621 1185 naturali,
657 1130 715 1177 de
736 1144 825 1191 qua
859 1145 912 1175 n:
935 1133 1079 1191 3048.
1107 1143 1251 1191 3071.
1278 1145 1428 1192 3143.-
1452 1144 1599 1191 3145.
1668 1129 1763 1193 Qi
1787 1144 1880 1176 non
1913 1130 2062 1187 novit,
2083 1132 2318 1194 quomodo
2339 1133 2385 1182 se

410 1195 551 1243 habet
572 1211 676 1242 cum
700 1194 1162 1257 repraesentationibus
1186 1195 1236 1241 ὅτ
1257 1193 1678 1258 correspondentiiS,
1713 1210 1806 1242 non
1841 1194 2021 1243 credere
2052 1196 2217 1259 potest,
2250 1199 2382 1260 quod

413 1259 492 1307 silla
515 1262 665 1317 verba,
701 1276 864 1323 nempe
887 1259 1061 1307 sustulit
1085 1260 1204 1308 filios
1228 1259 1327 1307 suos
1349 1262 1399 1307 &
1420 1259 1623 1308 faeminas
1642 1259 1737 1309 suas
1755 1259 1885 1324 super
1900 1260 2107 1317 camelos,
2131 1262 2383 1327 significent

418 1326 540 1382 talia,
578 1338 796 1390 apparent
815 1326 855 1372 ei
879 1326 999 1373 enim
1024 1326 1284 1387 remotiora,
1317 1341 1454 1389 quam
1479 1338 1533 1373 ut
1567 1326 1614 1373 id
1650 1324 1874 1389 spirituale
1917 1327 2154 1375 involvant
2186 1329 2236 1375 δε
2266 1329 2312 1376 in
2336 1329 2383 1377 se

415 1393 688 1448 contineant,
725 1407 829 1439 nam
852 1392 1023 1454 cogitat
1062 1391 1119 1438 de
1142 1391 1264 1448 filiis,
1298 1390 1355 1439 de
1377 1391 1576 1439 faeminis
1599 1392 1649 1439 gc
1689 1391 1745 1438 de
1768 1392 1981 1446 camelis;
2016 1405 2063 1439 at
2097 1394 2265 1457 angeli,
2296 1396 2383 1458 qui

415 1457 571 1504 omnia
592 1456 695 1505 talia
718 1456 995 1520 spiritualiter
1018 1456 1178 1504 vident
1200 1457 1250 1504 ὅτ
1273 1457 1548 1522 percipiunt,
1583 1473 1678 1506 non
1701 1457 1904 1519 cogitant
1926 1457 1983 1504 de
2017 1457 2156 1515 filiis„
2176 1458 2249 1506 sed
2270 1475 2382 1509 cum

415 1521 498 1568 filii
525 1524 832 1579 nominantur,
867 1522 926 1569 de
942 1522 1077 1578 veris,
1113 1523 1162 1571 ὅτ
1181 1538 1271 1577 non
1294 1523 1352 1569 de
1373 1522 1589 1580 faeminiS,
1627 1522 1699 1570 sed
1722 1538 1827 1570 cum
1851 1523 2050 1571 saeminae
2072 1524 2382 1582 nominantur,

411 1588 470 1635 de
496 1587 806 1635 affectionibus
840 1588 954 1644 veri,
989 1587 1307 1648 cognitionum
1344 1588 1395 1634 δε
1434 1588 1735 1645 scientiarum,
1768 1589 1819 1636 &
1853 1603 1944 1636 non
1983 1588 2041 1635 de
2073 1589 2268 1647 camelis,
2304 1590 2381 1638 sed

413 1666 520 1700 tunc
542 1653 598 1699 de
620 1653 938 1701 communibus
961 1653 1007 1700 in
1043 1653 1228 1700 naturali
1250 1675 1264 1707 3
1298 1652 1648 1716 correspondent
1684 1652 1810 1700 enim
1834 1653 1929 1707 ita;
1965 1654 2061 1700 talis
2091 1654 2155 1701 est
2178 1655 2381 1716 angelica

413 1718 630 1781 cogitatio
650 1740 664 1772 ;
700 1719 749 1765 &
772 1719 897 1783 quod
925 1718 1122 1774 Mirum,
1146 1718 1243 1766 talis
1266 1718 1330 1765 est
1353 1718 1568 1779 cogitatio
1588 1718 1754 1766 Interni
1778 1711 2016 1781 spiritualis
2039 1717 2253 1776 hominis,
2269 1735 2381 1773 cum

411 1785 459 1831 in
482 1799 667 1847 corpore
689 1784 810 1830 vivit
843 1783 1019 1831 tametsi
1037 1784 1259 1831 Externus
1292 1783 1339 1830 id
1363 1784 1538 1845 prorsus
1559 1784 1695 1832 nescit
1715 1805 1728 1838 ;
1763 1796 2038 1848 quapropter
2058 1785 2194 1833 etiam
2220 1785 2381 1844 homo,

410 1850 489 1913 qui
513 1860 795 1911 regeneratus
819 1848 898 1904 est,
932 1864 1035 1896 cum
1055 1847 1264 1904 moritur,
1301 1848 1345 1894 in
1366 1848 1559 1895 similem
1578 1848 1905 1909 cogitationem
1927 1845 2070 1906 venit,
2105 1850 2155 1896 &
2171 1866 2280 1897 curn
2300 1867 2380 1898 an-

414 1915 527 1979 gelis
558 1914 820 1977 cogitare&
854 1914 982 1976 loqui
1015 1913 1184 1978 potest,
1220 1915 1268 1961 &
1293 1913 1382 1961 hoc
1404 1912 1571 1978 absque
1589 1913 1894 1969 instructione,
1927 1913 2056 1978 quod
2094 1930 2378 1979 nequaquam

410 1981 504 2027 fieri
524 1979 749 2043 potuisset,
785 1978 865 2025 nisi
890 1979 1072 2026 interior
1088 1977 1305 2040 cogitatio
1338 1978 1431 2042 ejus
1471 1980 1569 2026 talis
1602 1979 1782 2033 fuiffet·,
1816 1979 1939 2042 quod
1982 1979 2081 2028 talis
2101 1981 2189 2043 fit,
2224 1981 2288 2027 est
2321 1996 2379 2029 ex

410 2044 795 2109 correspondentia
819 2044 1083 2091 naturalium
1108 2045 1157 2091 ὅτ
1187 2044 1520 2108 spiritualium:
1558 2045 1662 2091 inde
1684 2043 1882 2098 constare
1918 2044 2079 2108 potest,
2116 2046 2240 2108 quod
2266 2059 2381 2094 tam-

414 2111 491 2159 etsi
512 2110 654 2158 sensus
677 2110 873 2165 literalis,
889 2110 1032 2159 Verbi
1056 2110 1111 2157 fit
1127 2110 1350 2167 naturalis,
1378 2109 1519 2173 usque
1544 2110 1589 2157 in
1615 2111 1674 2166 se,
1699 2110 1747 2157 &
1775 2111 1817 2157 in
1842 2108 2023 2173 fingulis
2046 2110 2131 2156 suis
2152 2111 2380 2159 contineat

411 2176 670 2239 spiritualia,
706 2175 792 2222 hoc
815 2175 895 2231 est,
930 2175 1033 2222 talia
1053 2190 1155 2237 quae
1177 2175 1466 2238 cogitationis
1482 2176 1530 2225 δε
1551 2175 1653 2223 inde
1669 2176 1863 2239 loquelae
1893 2174 2132 2231 interioris,
2155 2175 2226 2223 seu
2250 2176 2379 2239 spiri·-

412 2242 545 2289 tualis
565 2241 678 2297 sunt,
699 2241 772 2289 seu
795 2240 940 2304 qualis
958 2241 1020 2288 est
1037 2241 1319 2303 angelorum.
1356 2240 1477 2293 Cum
1497 2241 1745 2288 elevatione
1763 2241 2000 2289 veritatum
2020 2240 2377 2290 &affectionum

414 2308 608 2363 illarum,
649 2308 696 2353 δε
716 2321 821 2353 curn
845 2306 1132 2354 ordinatione
1163 2306 1339 2353 illarum
1363 2306 1410 2353 in
1429 2306 1770 2362 communibus,
1794 2306 1851 2353 ita
1883 2304 1926 2352 se
1949 2304 2110 2360 habet3
2146 2307 2379 2353 elevantur

414 2373 624 2419 veritates
647 2372 695 2418 ὅτ
718 2371 994 2428 affeffiones,
1018 2387 1123 2418 cum
1148 2370 1445 2434 praeferuntur
1468 2371 1541 2418 illa
1564 2388 1669 2435 quae
1693 2371 1794 2418 sunt
1815 2369 1926 2418 vitae
1948 2384 2130 2424 aeternae
2151 2371 2382 2435 &Regni

414 2437 626 2494 Domini,
662 2452 758 2499 prae
780 2436 867 2484 illis
890 2452 993 2501 quae
1016 2437 1113 2484 sunt
1135 2437 1247 2485 vitae
1269 2437 1313 2489 ion
1331 2452 1519 2500 corpore
1541 2438 1591 2484 δε
1616 2438 1741 2499 regni
1769 2435 1924 2484 mundi
1945 2457 1960 2490 ς
1994 2452 2100 2483 cum
2125 2436 2269 2484 homo
2292 2451 2380 2500 pro

414 2503 713 2567 principali&
730 2502 946 2565 primario
967 2502 1166 2565 agnoscit
1183 2503 1273 2559 illa,
1293 2502 1436 2566 &pro
1453 2501 1775 2550 instrumentali
1795 2501 1843 2548 &
1857 2501 2116 2549 secundario
2135 2502 2249 2559 haec,
2270 2514 2384 2549 tunc

414 2571 644 2617 elevantur
664 2567 782 2631 apud
808 2568 940 2615 illum
963 2567 1165 2616 veritates
1189 2569 1239 2616 δε
1262 2567 1517 2623 affectiones
1540 2568 1742 2622 illarum;
1782 2579 1955 2614 tantum
1990 2566 2112 2614 enim
2150 2568 2194 2614 in
2228 2568 2380 2615 lucem-

416 2636 538 2692 coeli,
565 2635 608 2681 in
625 2648 716 2696 qua
732 2631 795 2680 est
818 2632 1115 2696 intelligentia
1132 2636 1179 2680 &
1199 2633 1428 2695 sapientia,
1452 2632 1729 2689 transfertur,
1759 2633 1809 2679 &
1838 2644 2014 2679 tantum
2055 2632 2129 2679 illa
2150 2648 2256 2695 quae
2277 2634 2380 2680 sunt

417 2699 525 2747 lucis
542 2699 718 2755 mundi,
742 2699 843 2746 sunt
864 2699 906 2745 ei
929 2697 1151 2761 imagines
1174 2698 1224 2744 ὅτ
1246 2698 1369 2762 quasi
1399 2697 1592 2760 specula,
1623 2699 1667 2745 in
1701 2698 1865 2763 quibus
1889 2697 1962 2745 illa
1979 2697 2134 2745 videt:
2169 2698 2378 2745 contrari·

417 2780 497 2812 urn
521 2765 685 2821 evenit,
708 2779 815 2811 cum
839 2763 1016 2829 praefert
1038 2763 1110 2810 illa
1133 2777 1238 2834 quae
1275 2763 1376 2810 sunt
1399 2764 1510 2811 vitae
1531 2765 1733 2827 corporis
1755 2764 1804 2811 ὅτ
1827 2764 1953 2827 regni
1989 2761 2152 2810 mundi
2171 2778 2267 2824 prae
2289 2761 2377 2811 illis

417 2842 523 2892 quae
545 2829 643 2876 sunt
666 2830 776 2876 vitae
798 2842 980 2877 aeternae
998 2830 1048 2877 ὅτ.
1072 2829 1226 2891 Regni
1245 2829 1454 2885 Domini,
1489 2842 1543 2876 ut
1571 2844 1679 2877 cum
1712 2828 1854 2877 credit
1881 2827 2007 2890 quod
2031 2827 2127 2874 haec
2159 2842 2251 2874 non
2275 2826 2379 2885 fint,

419 2895 525 2960 quia
548 2910 638 2942 non
662 2910 712 2940 ea
733 2895 877 2951 videt,
912 2894 961 2942 δε
978 2895 1082 2958 quia
1103 2910 1195 2941 non
1218 2893 1377 2957 aliquis
1401 2894 1507 2943 inde
1524 2896 1650 2942 venit
1672 2896 1725 2958 ὅτι
1741 2893 1996 2951 nuntiavit;
2032 2902 2131 2938 tum
2150 2892 2182 2938 sl
2204 2891 2375 2950 credat,

419 2961 452 3005 fi
486 2959 585 3014 lint,
609 2959 731 3022 quod
757 2976 845 3007 non
869 2961 994 3024 pejus
1018 2959 1080 3007 illi
1104 2961 1299 3017 eveniat,
1333 2975 1471 3023 quarn
1494 2960 1606 3015 aliis,
1640 2961 1690 3007 δε
1713 2960 1755 3024 se
1772 2959 2012 3006 confirmat
2035 2954 2080 3002 in
2105 2955 2204 3012 illis,
2239 2957 2289 3004 &
2307 2958 2377 3004 vi·

418 3025 487 3071 vit
509 3025 653 3071 vitam
678 3025 852 3080 mundi,
889 3027 937 3072 &
954 3025 1214 3072 charitatem
1233 3027 1282 3074 ὅτ
1303 3027 1445 3074 fidem
1469 3026 1641 3089 prorsus
1662 3021 1927 3087 contemnit,
1961 3020 2082 3083 apud
2119 3022 2256 3068 talem
2280 3037 2373 3070 non

417 3090 646 3136 elevantur
668 3088 875 3136 veritates
899 3091 948 3137 ὅτ
971 3090 1229 3138 affectiones
1241 3091 1442 3147 illarum,
1479 3091 1552 3138 sed
1588 3089 1661 3136 vel
1684 3088 1966 3140 suffocantur,
2002 3086 2076 3132 vel
2098 3085 2374 3147 rejiciuntur,

416 3155 492 3211 vel
524 3166 868 3217 pervertuntur·,
905 3155 949 3200 in
972 3156 1071 3203 luce
1093 3157 1217 3202 enim
1242 3156 1429 3209 naturali
1453 3156 1531 3211 est,
1567 3155 1612 3200 in
1629 3169 1768 3215 quam
1791 3168 1882 3200 non
1905 3149 2054 3198 influit
2070 3151 2242 3215 aliquid
2265 3152 2379 3199 lucis

416 3219 637 3276 coelestis;
670 3219 775 3267 inde
797 3231 938 3283 patet,
972 3219 1086 3284 quid
1113 3236 1193 3284 per
1216 3219 1513 3268 elevationem
1535 3219 1775 3269 veritatum
1798 3219 1848 3268 ὅτ
1869 3214 2162 3290 affectionum
2186 3216 2375 3329 linaium

1301 3291 1303 3295 ⁴
2091 3295 2181 3331 inte
2219 3294 2372 3344 igitur.
