2742 3718
427 214 560 308 332
772 225 885 289 G*
969 221 1037 290 E
1170 220 1293 290 N*
1387 209 1467 291 Ε
1586 214 2029 295 δατ-μς

421 354 526 400 ideo
548 352 710 400 dicitur
727 351 956 399 Divinum
984 352 1224 416 Spirituale
1242 353 1368 419 quod
1391 371 1448 402 ex
1473 354 1650 403 Divino
1675 356 1904 417 Humano
1922 355 2080 417 Ipfius:
2147 357 2268 405 Cum
2306 355 2402 404 hoc¹

422 420 485 465 ita
502 419 543 465 se
561 419 726 471 habet;
758 432 897 464 omne
917 419 1148 468 Divinum
1171 421 1346 468 Verum
1369 422 1498 484 quod
1524 421 1568 467 in
1586 421 1794 469 universo
1817 420 1957 475 coelo,
1977 436 2068 467 non
2090 423 2272 471 aliunde
2296 438 2400 485 pro-

415 485 543 530 cedit
564 498 704 546 quam
731 499 754 528 a
778 484 952 529 Divino
972 485 1196 532 Humano
1211 486 1402 534 Domini
1426 507 1439 540 ;
1475 486 1601 550 quod
1637 489 1694 534 ab
1732 486 1836 549 Ipso
1875 485 2050 532 Divino
2072 486 2164 532 hoc⁴
2180 488 2400 551 nusquam

422 549 544 610 apud
569 549 764 610 aiiquem
788 549 1027 610 Angelum
1053 550 1317 598 immediate
1359 552 1543 598 influere
1567 551 1730 614 potest,
1766 551 1828 596 est
1867 552 1992 598 enim
2033 551 2288 608 Infinitum,
2323 554 2400 599 sed

423 615 615 660 mediate
655 629 734 676 per
767 614 993 662 Divinum
1034 616 1309 664 Humanum
1329 618 1542 674 Domini,
1580 617 1701 680 quod
1729 618 1865 664 etiam
1892 615 2161 678 intelligitur
2191 618 2402 679 per'haec

420 681 557 725 verba
579 681 771 727 Domini
807 688 839 708 ‘⁴
858 681 1008 727 Deum
1036 697 1172 728 nemo
1213 684 1334 729 vidit
1353 698 1576 745 unquam,
1613 682 1898 743 Unigenitus
1925 681 2069 729 Filius
2086 682 2190 742 'Qui
2235 682 2279 727 in
2305 682 2401 729 sinu

423 745 585 799 Patris,
621 745 702 791 lile
727 745 985 807 exposuit‚’'
1012 746 1128 808 Joh:
1161 764 1208 795 1:
1256 751 1346 801 183
1384 749 1489 794 inde
1529 747 1676 794 etiamr
1707 747 1940 795 Dominus
1985 749 2138 811 quoad
2176 747 2404 795 DIvinu'm

425 813 705 858 Humanum
729 824 912 858 vocatur
935 806 1202 860 Mediator.‘
1252 814 1365 860 Hoc
1403 813 1541 860 etiam
1581 814 1639 858 ab
1677 826 1869 859 aeterno·
1894 813 2001 868 fuit,
2028 812 2256 859 Divinum
2280 812 2404 869 enim
2433 823 2439 826 '

425 876 531 922 Effe
550 875 716 939 absque
740 875 914 923 influxu
933 893 1013 940 per
1034 879 1226 934 coelum,
1263 880 1312 926 &
1346 879 1451 925 inde
1481 877 1656 924 factum
1683 877 1911 924 Divinum
1932 877 2160 934 Existens,
2197 893 2286 924 non
2322 893 2408 940 po-

424 944 514 988 tuit
543 943 866 988 communicari
906 958 1011 989 cum
1036 944 1189 1007 aliquo
1223 944 1428 1005 Angelo,
1466 945 1617 990 minus
1639 958 1744 989 cum
1784 943 1942 1006 aliquo
1975 942 2149 1005 spiritu,
2186 945 2235 991 &
2259 942 2407 990 adhuc

428 1009 579 1054 minus
597 1023 703 1053 cum
726 1008 883 1072 aliquo
902 1008 1088 1056 homine
1110 1031 1124 1063 ς
1158 1010 1287 1073 quod
1312 1009 1543 1056 Dominus
1581 1008 1731 1071 quoad
1758 1007 1912 1070 Ipsum
1935 1008 2167 1056 Divinum
2190 1009 2245 1055 sit
2274 1008 2408 1055 Divi-

393 1123 396 1125 ,
427 1089 539 1120 num
564 1072 685 1128 Effe,
721 1074 771 1120 δε
794 1072 946 1137 quoad
973 1074 1204 1122 Divinum
1223 1075 1505 1122 Humanum
1530 1073 1582 1121 fit
1607 1074 1838 1121 Divinum
1863 1072 2089 1130 Existens,
2124 1074 2328 1121 videatur
2350 1090 2405 1120 n:

425 1140 585 1202 4687:
622 1137 773 1199 Ipsum
801 1140 1074 1185 Humanum
1099 1139 1292 1186 Domini
1314 1156 1398 1187 nec
1432 1137 1639 1204 potuisset
1662 1140 1853 1204 recipere
1886 1138 2083 1203 aliquem
2118 1138 2407 1199 influxuma

426 1202 604 1250 Divino
622 1203 742 1259 Effe,
779 1204 859 1250 nifi
885 1203 930 1250 in
955 1204 1058 1266 Ipso
1079 1205 1352 1252 Humanum
1367 1205 1597 1252 Divinum
1621 1203 1888 1261 fadiumfit,
1924 1220 2029 1263 nam
2057 1205 2284 1251 Divinum
2320 1203 2408 1252 erit

420 1268 552 1330 quod
578 1268 759 1331 recipiet
785 1269 1011 1316 Divinum
1028 1269 1163 1318 Effe:
1201 1270 1278 1317 Ex
1321 1272 1390 1318 his
1435 1271 1589 1334 paucis
1610 1271 1806 1318 constare
1828 1269 1989 1333 potest,
2025 1269 2408 1333 quod‘Divinum

427 1335 604 1381 Verum
629 1350 720 1380 non
741 1335 951 1397 procedat
974 1335 1237 1383 immediate
1261 1336 1317 1382 ab
1340 1336 1444 1399 Ipso
1475 1336 1667 1392 Divino,
1707 1335 1780 1382 sed
1811 1351 1835 1381 a
1858 1335 2033 1383 Divino
2058 1335 2283 1383 Humano
2308 1336 2411 1381 Do-

431 1399 563 1447 mini.
631 1399 752 1446 illud
777 1400 913 1446 etiam
939 1399 1230 1463 exstinguunt
1249 1401 1281 1447 ii
1305 1402 1425 1465 apud
1457 1400 1517 1457 se,
1551 1401 1629 1463 qui
1655 1417 1740 1461 pro
1764 1400 1852 1447 sola
1875 1401 1967 1447 fide
1992 1399 2205 1456 militant,
2243 1400 2292 1446 ὅτ
2315 1409 2409 1446 'non

427 1467 593 1512 vivunt
615 1465 752 1512 vitam
778 1465 904 1522 fidei,
941 1465 972 1511 ii
990 1467 1114 1512 enim
1134 1466 1320 1514 credunt
1344 1467 1623 1514 Humanum
1657 1466 1850 1514 Domini
1874 1466 1960 1513 eise
1999 1480 2113 1529 pure
2136 1465 2408 1520 humanum,

428 1546 522 1577 non
543 1530 741 1577 absimile
766 1530 968 1577 humano
989 1530 1100 1578 alius
1123 1532 1337 1588 hominis,
1375 1532 1479 1579 inde
1497 1532 1634 1578 etiam
1659 1533 1887 1594 pluresex
1910 1531 1997 1577 illis
2034 1530 2264 1577 Divinum
2307 1531 2411 1577 Do-

431 1596 546 1642 mini
565 1607 748 1656 negant,
783 1607 1012 1659 utcunque
1035 1595 1188 1659 Ipsum
1212 1613 1289 1643 ore
1307 1598 1607 1661 profitentur;
1641 1609 1683 1642 at
1706 1596 1786 1659 qui
1811 1596 1976 1653 vivunt
1998 1596 2139 1640 vitam
2163 1595 2288 1650 fidei,
2313 1596 2412 1642 Do-

429 1661 608 1709 minum
634 1661 823 1722 genibus
845 1661 971 1708 flexis
1010 1661 1060 1708 &
1105 1662 1269 1709 humili
1307 1662 1442 1709 corde
1481 1674 1532 1708 ut
1569 1662 1723 1708 Deum
1748 1658 2025 1708 salvatorem
2051 1659 2256 1716 adorant,
2294 1659 2409 1707 nihil

428 1739 535 1775 tunc
551 1727 798 1788 cogitando
820 1742 878 1774 ex
900 1725 1106 1774 doctrina
1122 1728 1179 1775 de
1202 1726 1490 1776 distinctione
1508 1729 1621 1774 inter
1637 1739 1843 1774 naturam
1868 1725 2088 1773 Divinam
2104 1725 2154 1772 δε
2180 1725 2410 1772 Naturam

432 1784 702 1840 Humanam
717 1811 731 1840 ι
766 1792 966 1841 similiter
985 1792 1152 1842 faciunt
1174 1795 1220 1840 in
1246 1793 1404 1841 Sancta
1428 1793 1599 1848 Caena;
1627 1794 1740 1841 >inde
1763 1799 1905 1857 patet,
1940 1789 2070 1856 quod
2091 1790 2216 1855 apud
2232 1805 2308 1838 eos
2328 1790 2414 1839 Di·

431 1859 593 1906 vinum
615 1859 890 1907 Humanum
918 1859 1111 1917 Domini
1132 1859 1184 1906 fit
1207 1861 1252 1906 in
1272 1859 1499 1908 cordibus,
2404 1885 2405 1889 =

500 1940 594 1986 472
603 1929 653 1985 5.“
688 1925 752 1971 Et
774 1925 989 1972 dixerunt
1004 1925 1074 1971 vir
1093 1925 1148 1979 ad
1166 1921 1345 1973 fratrem
1365 1925 1513 1982 suum,
1549 1923 1672 1989 quod
1698 1923 1921 1986 significet
1941 1924 2237 1988 cogitationes
2251 1939 2411 1973 eorum

432 2002 635 2048 mutuas,
671 1989 843 2055 constat
866 2006 921 2037 ex
958 1991 1284 2053 significatione
1316 1992 1483 2048 dicere,
1519 1990 1644 2054 quod
1684 1990 1737 2038 fit
1758 1990 1986 2054 percipere
2009 1993 2058 2038 &
2090 1988 2304 2051 cogitare,
2355 1990 2420 2037 de-

429 2071 526 2118 qua
551 2072 605 2101 n:
633 2073 757 2119 3395
779 2077 794 2110 ·‚
830 2057 876 2103 &
903 2071 960 2102 ex
977 2057 1306 2119 significatione
1328 2057 1413 2119 viri
1435 2057 1490 2104 ad
1514 2055 1712 2112 fratrem,
1747 2055 1873 2119 quod
1899 2056 1950 2104 fit
1973 2069 2165 2104 mutuo:
2218 2054 2416 2103 formula

433 2121 629 2168 solennis
651 2121 844 2183 antiquis
879 2122 963 2167 fuit
985 2123 1146 2176 dicere,
1181 2123 1251 2167 vir
1275 2122 1331 2168 ad
1355 2122 1554 2177 fratrem,
1588 2137 1695 2167 cum
1728 2132 1946 2166 mutuum
1978 2121 2320 2179 fignificaretur,
2354 2131 2413 2165 ex

435 2186 562 2232 causa
580 2186 690 2247 quia
713 2187 782 2230 vir
797 2185 1075 2245 fignificabat
1088 2201 1267 2242 verum,
1304 2201 1333 2231 n
1352 2203 1366 2231 .·
1392 2202 1416 2246 3
1430 2202 1534 2246 134.
1564 2199 1707 2246 3459,
1743 2184 1793 2230 &
1810 2183 1944 2230 frater
1957 2184 2151 2238 bonum,
2181 2198 2209 2229 n
2226 2201 2241 2229 :
2261 2199 2413 2241 4121,

439 2251 554 2299 inter
575 2266 680 2313 quae
702 2249 964 2312 ipfiffimum
998 2262 1210 2297 mutuum
1253 2250 1504 2305 intercedit,
1537 2247 1798 2310 conjunctio
1820 2248 2062 2317 enim‘veri
2088 2262 2195 2295 cum
2219 2248 2339 2295 bono
2362 2262 2415 2295 ac

435 2316 550 2364 boni
572 2332 676 2363 cum
702 2332 810 2363 vero
832 2315 885 2363 fit
908 2327 1068 2362 mutuo
1091 2316 1140 2362 &
1158 2314 1362 2372 viciffim,
1398 2332 1426 2362 n
1445 2333 1460 2361 :
1488 2329 1632 2378 2731.
1927 2325 1930 2327 ’
2328 2347 2332 2350 -

508 2382 656 2443 4726.
693 2381 814 2427 Ecce
831 2381 1045 2427 dominus
1064 2381 1343 2427 somniorum
1368 2380 1446 2427 iste
1464 2382 1605 2434 venit,
1641 2377 1767 2441 quod
1785 2378 2010 2441 significet
2030 2377 2158 2441 quod
2174 2392 2288 2425 vana
2321 2377 2415 2434 illa,

438 2448 616 2508 constat
637 2462 695 2493 ex
717 2447 1039 2508 significatione
1054 2445 1349 2501 somniorum,
1369 2445 1495 2509 quod
1517 2444 1599 2491 [int
1621 2443 1981 2507 praedicationes,
2005 2443 2063 2491 de
2082 2459 2172 2507 qua
2194 2459 2246 2490 n:
2265 2444 2415 2501 4682,

443 2513 522 2560 hic
546 2512 888 2575 praedicationes
911 2512 1068 2557 Divini
1091 2510 1224 2569 Veri,
1260 2512 1366 2574 quia
1388 2511 1445 2558 de
1469 2510 1671 2573 Josepho
1695 2508 1895 2565 'dicitur3
1931 2509 2005 2556 sed
2041 2509 2147 2573 quia
2186 2508 2414 2558 Divinum

446 2579 623 2625 Ver-um
646 2578 704 2624 ab
726 2577 813 2624 illis
829 2577 910 2641 qui
935 2577 979 2623 in
1003 2577 1090 2624 sola
1114 2576 1204 2624 fide
1225 2575 1342 2633 sunt,
1378 2577 1530 2642 quoad
1552 2574 1793 2622 effentialia
1814 2575 1887 2623 sua
1911 2573 2122 2638 rejicitur,
2141 2575 2254 2622 ficut
2270 2574 2414 2621 osten-

447 2644 549 2690 sum
572 2644 630 2690 de
653 2643 828 2689 Divino
852 2643 1080 2690 Humano
1101 2642 1314 2698 Domini,
1350 2645 1399 2690 ὅτ
1415 2643 1472 2689 de
1489 2641 1721 2698 charitate,
1757 2640 1862 2688 ideo
1891 2656 1972 2705 per
1990 2636 2162 2688 somnia
2185 2640 2257 2687 hic
2282 2639 2416 2704 figni-

452 2711 642 2757 ficantur
660 2724 803 2762 vana;
837 2722 1053 2771 apparent
1075 2709 1200 2754 enim
1224 2707 1386 2755 talibus
1405 2706 1510 2755 falsa
1534 2718 1587 2754 ut
1609 2722 1729 2763 vera,
1764 2723 1813 2754 ac
1832 2723 1937 2754 vera
1958 2719 2011 2755 ut
2035 2705 2154 2762 falsa,
2190 2705 2241 2752 &t
2266 2705 2299 2752 s1
2323 2719 2413 2750 non

449 2788 504 2822 ut
527 2775 645 2830 falsa,
680 2773 822 2837 usque
846 2786 898 2820 ut
914 2789 1058 2820 vana:
1094 2772 1310 2819 dominus
1334 2773 1617 2821 somniorum
1634 2772 1697 2819 est
1720 2772 1986 2836 praedicator
2025 2787 2201 2818 eorum.
2271 2767 2415 2829 Qod

453 2841 625 2887 Divina
648 2842 770 2886 Vera
793 2846 1033 2902 appareant
1051 2838 1212 2886 talibus
1229 2851 1283 2886 ut
1305 2854 1433 2893 vana,
1469 2856 1496 2886 a
1519 2838 1724 2900 pluribus
1755 2837 1955 2886 constare
1987 2836 2149 2901 potest,
2183 2837 2293 2882 sicut
2330 2847 2415 2895 pro

447 2906 700 2967 exemp103
739 2905 964 2952 Divinum
987 2906 1159 2952 Verum
1186 2902 1268 2960 est,
1304 2904 1429 2968 quod
1451 2904 1654 2951 Verbum
1674 2905 1727 2952 fit
1748 2903 1972 2959 sanetum,
1997 2904 2047 2950 &
2068 2901 2216 2963 quoad
2254 2912 2414 2943 unam-

452 2971 664 3030 quamvis
681 2968 861 3031 jotham
881 2970 1098 3017 divinitus
1118 2967 1399 3029 inspiratum,
1435 2970 1485 3016 ὅτ
1506 2969 1631 3032 quod
1659 2969 1861 3016 sanctitas
1884 2968 1977 3030 ejus
1999 2967 2048 3012 δε
2072 2964 2245 3012 Divina
2279 2962 2416 3024 inspi-

452 3037 566 3088 ratio
589 3035 641 3082 fit
664 3034 768 3097 quia
789 3034 1131 3099 unumquodvis
1166 3032 1228 3079 ibi
1252 3034 1316 3080 est
1350 3033 1761 3097 repraesentativum
1800 3034 1849 3079 &
1889 3029 2239 3093 significativum
2276 3028 2415 3075 coele·-

451 3102 588 3145 stium
650 3101 699 3144 δε
745 3099 1043 3161 spiritualium
1093 3099 1251 3159 Regni
1301 3099 1494 3159 Domini
1516 3120 1530 3153 ;
1586 3115 1692 3145 curn
1742 3097 1893 3143 autem
1946 3093 2144 3155 aperitur
2192 3094 2405 3139 Verbum

443 3163 604 3229 quoad
635 3163 816 3218 sensum
854 3165 1101 3223 internum,
1158 3166 1209 3216 δε
1264 3164 1449 3215 docetur
1491 3162 1607 3224 quid
1650 3160 1824 3224 lingula
1864 3157 2178 3225 repraesentant
2203 3159 2249 3208 &
2260 3158 2414 3271 iiligni-

463 3230 469 3238 “
1266 3228 1292 3232 ’“
2295 3232 2414 3281 cant,
