2690 3692
416 213 503 259 20
771 187 1995 259 GEN·ESIS.

418 321 740 377 municadone,
776 322 833 369 de
863 322 1030 386 quibus
1063 338 1123 368 n:
1166 336 1331 385 40473
1367 322 1457 370 illae
1482 338 1571 369 non
1595 320 1703 369 tales
1727 321 1840 377 sunt,
1875 332 1926 369 ut
1949 336 2005 368 ex
2045 319 2087 368 se
2111 320 2160 368 &
2191 323 2393 384 proprios

417 388 616 434 multum
641 388 817 442 faciant,
853 389 925 433 sed
951 390 1177 450 patiantur
1200 388 1242 434 se
1268 389 1375 435 duci
1398 389 1454 435 ab
1486 389 1599 443 aliis,
1638 387 1695 433 ita
1720 386 1776 434 ad
1814 387 1990 433 bonum
2013 387 2070 432 ab
2103 387 2290 449 angelis,
2325 389 2375 434 δε

415 453 469 497 ad
492 453 664 500 malum
682 468 705 498 a
721 452 942 514 spiritibus
979 453 1127 509 malis,
1162 453 1289 518 quod
1325 453 1462 500 etiam
1486 454 1631 500 elucet
1655 468 1710 499 ex
1732 449 1947 498 historicis
1971 452 2043 498 hic
2077 452 2134 498 de
2173 452 2375 506 Labane,

416 518 642 579 imprimis
662 532 718 561 ex
742 518 827 562 illis
844 533 950 581 quae
974 515 1221 582 sequuntur
1241 541 1254 573 ;
1290 519 1395 565 inde
1420 531 1560 582 patet,
1599 517 1711 581 quid
1748 515 2017 578 intelligitur
2039 531 2119 578 per
2140 518 2377 580 proprium

416 583 523 630 boni
543 598 623 644 per
647 582 802 628 Laban
822 583 1075 646 significati,
1110 584 1235 647 quod
1259 600 1350 630 non
1366 586 1454 630 tale
1472 585 1526 631 s1t
1550 597 1597 630 ut
1616 599 1673 629 ex
1697 581 1753 630 se.
1825 582 1947 628 Haec
1968 595 2073 643 quae
2095 583 2142 627 in
2166 583 2375 630 Verfibus

417 649 460 694 6,
495 662 537 709 7.
563 651 605 694 8.
632 663 675 706 9.
715 663 784 695 ιο.
819 663 892 696 11.
922 664 996 704 12,
1034 649 1078 695 in
1107 649 1230 695 sensu
1273 652 1454 696 interno
1491 649 1798 703 continentur,
1851 647 2112 693 summatim
2153 647 2376 709 explicata

415 713 531 767 sunt,
568 726 624 757 ex
648 713 790 767 causa,
825 715 933 776 quia
950 714 1111 761 similia
1129 714 1228 761 sunt
1253 714 1356 770 illis,
1390 714 1448 762 de
1464 715 1632 776 quibus
1651 712 1697 758 in
1721 709 1882 775 Capite
1905 712 2191 774 praecedente
2222 723 2375 759 actum

412 777 491 832 est,
525 777 601 823 ubi
622 777 692 823 illa
710 779 884 842 plenius
900 780 1118 840 explicata
1141 780 1255 827 sunt,
2195 804 2199 808 ·

459 846 622 906 4089.
665 843 771 905 Ego
790 843 913 890 Deus
936 845 1152 902 Bethelis,
1186 845 1315 909 quod
1346 844 1570 908 significet
1606 841 1835 890 Divinum
1859 840 1904 888 in
1927 839 2160 898 Naturali,
2197 841 2375 890 constat

412 924 468 954 ex
486 907 811 969 figmficatione
828 910 1040 967 Bethelis,
1078 912 1202 974 quod
1220 911 1273 958 fit
1290 912 1468 958 bonum
1485 913 1531 956 in
1550 908 1719 955 ultimo
1736 906 1920 966 ordiniS‚
1957 907 2014 953 de
2032 923 2124 970 qua
2142 923 2194 954 n:
2223 922 2312 969 37²
2321 925 2372 972 9,

410 974 603 1038 proinde
626 975 674 1020 in
699 975 904 1030 naturali,
940 992 1044 1023 narn
1071 977 1157 1022 hoc
1188 976 1251 1024 est
1274 976 1495 1023 ultimum
1518 973 1705 1029 ordinis,
1721 1019 1725 1021 Δ
1740 972 1939 1018 coelestia
1962 971 2087 1020 enim
2119 973 2170 1020 &
2193 972 2376 1035 spiritu·

411 1039 496 1085 alia
516 1039 813 1086 terminantur
837 1041 897 1087 ibi
923 1062 936 1095 ς
970 1041 1090 1096 inde,
1126 1041 1252 1104 quod
1278 1043 1409 1089 Deus
1433 1040 1629 1087 Bethelis
1649 1039 1702 1086 s1t
1727 1038 1953 1086 Divinum
1978 1038 2025 1083 in
2048 1039 2258 1094 naturali,
2294 1054 2375 1102 pa·

410 1117 506 1150 tet:
544 1105 648 1167 quia
682 1105 839 1151 Bethel
876 1107 1098 1167 fignificat
1122 1107 1298 1154 bonum
1334 1108 1382 1153 in
1418 1104 1622 1162 naturali,
1658 1105 1797 1152 etiam
1821 1103 2043 1165 fignificat
2077 1104 2371 1165 cognitiones

412 1169 664 1217 coelestium
691 1169 769 1226 ibi,
805 1186 912 1217 nam
938 1172 1010 1219 hae
1033 1171 1133 1219 sunt
1159 1173 1282 1220 boni,

478 1250 625 1298 4090.
663 1237 772 1299 Qo
796 1237 962 1285 unxisti
987 1237 1193 1294 statuam,
1230 1237 1356 1301 quod
1382 1237 1600 1298 fignificet
1621 1235 1702 1283 ubi
1723 1234 1899 1282 bonurn
1916 1233 2028 1290 veri,
2065 1234 2114 1281 &
2133 1234 2372 1290 terminuS‚

409 1300 583 1363 constat
605 1316 663 1348 ex
688 1301 1012 1362 significatione
1046 1302 1220 1359 statuae,
1256 1302 1384 1367 quod
1410 1303 1464 1349 fit
1497 1301 1669 1348 sanctus
1696 1300 1932 1354 terminus,
1968 1299 2032 1347 ita
2055 1300 2274 1347 ultimum
2298 1315 2370 1348 or-

409 1366 547 1421 dinis,
582 1366 771 1428 proinde
793 1383 973 1425 verum,
1021 1369 1079 1416 de
1103 1385 1194 1432 qua
1216 1385 1267 1415 n:
1298 1384 1460 1432 3727·‚
1510 1368 1559 1414 δε
1599 1382 1657 1413 ex
1693 1365 2022 1427 significatione
2066 1379 2258 1427 ungere,
2295 1365 2374 1413 seu

410 1431 599 1478 fundere
622 1431 777 1479 oleum
802 1432 935 1496 super
954 1447 1089 1497 caput
1112 1435 1285 1492 statuae,
1321 1445 1374 1480 ut
1395 1450 1420 1481 a
1443 1432 1622 1496 Jacobo
1639 1430 1833 1488 factum,
1867 1430 1991 1494 quod
2015 1429 2070 1478 sit
2091 1446 2254 1479 verum
2292 1432 2373 1481 bo-

407 1512 526 1544 num
549 1495 708 1552 facere,
743 1498 801 1545 de
824 1515 916 1563 qua
939 1515 998 1548 n:
1026 1504 1169 1562 3728.

470 1577 618 1623 4091.
655 1563 766 1626 Qo
788 1564 954 1612 vovisti
979 1566 1093 1612 mihi
1110 1577 1293 1622 votum,
1327 1564 1454 1629 quod
1475 1566 1700 1627 significet
1718 1562 1936 1618 sanctum,
1971 1561 2143 1610 constat
2182 1577 2206 1609 a
2230 1560 2372 1624 figni-

407 1626 616 1675 ficatione
638 1641 804 1676 vovere
825 1641 1006 1687 votum,
1040 1631 1169 1695 quod
1191 1631 1246 1677 fit
1266 1631 1383 1677 velle
1400 1643 1449 1678 ut
1473 1630 1708 1679 Dominus
1725 1629 1979 1691 provideat,
2014 1628 2129 1675 &in
2155 1629 2369 1690 supremo

407 1692 551 1748 sensu,
588 1691 634 1739 in
656 1708 753 1756 quo
776 1695 1047 1757 praedicatur
1085 1697 1142 1744 de
1165 1696 1389 1752 Domino,
1423 1696 1548 1759 quod
1572 1695 1626 1743 fit
1648 1694 1776 1758 quod
1809 1692 2067 1756 provideat,
2102 1693 2160 1740 de
2180 1707 2272 1755 qua
2306 1708 2368 1740 n:

407 1774 561 1823 3732,
596 1759 649 1819 ὃς
670 1760 777 1820 quia
809 1761 1031 1824 quicquid
1057 1761 1268 1824 providet
1301 1762 1547 1817 Dominus,
1582 1761 1668 1807 hoc
1690 1759 1893 1822 procedit
1914 1757 1971 1805 ab
1996 1757 2115 1821 Ipso,
2149 1759 2199 1806 δε
2238 1758 2370 1821 quic-

408 1824 523 1887 quid
549 1824 752 1885 procedit
765 1825 824 1871 ab
839 1825 979 1888 Ipso·,
1016 1826 1104 1872 hoc
1128 1826 1331 1873 sanctum
1353 1825 1417 1872 est
1437 1845 1453 1880 ·,
1491 1826 1595 1872 inde
1627 1825 1707 1878 est,
1740 1823 1868 1886 quod
1891 1823 1966 1869 hic
1988 1838 2070 1885 per
2091 1837 2261 1870 vovere
2284 1838 2372 1871 vo-

409 1902 529 1944 tum,
564 1888 843 1951 significetur
864 1890 1096 1938 sanctum:
1133 1890 1260 1955 quod
1300 1894 1469 1938 vovere
1491 1902 1656 1938 votum
1681 1889 1731 1937 fit
1765 1887 1960 1952 idquod
1983 1888 2195 1950 procedit
2215 1903 2250 1951 a*
2266 1889 2372 1951 >1297

409 1955 558 2011 mino,
595 1954 787 2016 proinde
823 1954 1041 2012 sanctum,
1076 1955 1131 2003 ad
1156 1956 1352 2021 primam
1377 1955 1670 2003 intuitionem
1694 1967 1876 2017 apparet
1898 1952 2133 2008 remotius,
2168 1952 2243 2000 sed
2277 1952 2369 2001 hoc

408 2036 468 2084 ex
490 2018 629 2075 causa,
665 2020 772 2083 quia
796 2020 938 2068 homo
961 2021 1024 2069 est
1045 2021 1126 2084 qui
1150 2034 1288 2069 vovet
1311 2033 1491 2078 votum,
1525 2037 1620 2084 quo
1639 2019 1681 2066 se
1704 2019 1759 2065 ad
1793 2018 1977 2082 aliquod
2001 2017 2259 2080 obstringit,
2295 2018 2370 2066 seu

407 2086 490 2134 fibi
515 2085 687 2147 aliquid
724 2087 924 2148 imponit
946 2103 1051 2151 erga
1073 2087 1316 2142 Divinum,
1351 2088 1384 2134 fi
1420 2087 1621 2150 potiatur
1641 2097 1832 2148 optato;
1867 2084 1942 2132 sed
1965 2098 2071 2131 cum
2108 2083 2256 2148 ipsum
2279 2083 2369 2131 Di-

407 2152 572 2198 vinum
595 2150 675 2206 est,
710 2150 785 2200 seu
808 2152 1052 2208 DominuS‚
1087 2153 1146 2200 de
1167 2169 1261 2216 quo
1283 2152 1330 2199 id
1349 2151 1634 2216 praedicatur,
1672 2164 1778 2197 tunc
1802 2165 1893 2196 non
1915 2148 1978 2196 est
2001 2148 2185 2210 aliquod
2203 2161 2366 2196 votum

408 2217 484 2264 sed
503 2215 567 2262 est
585 2214 700 2263 velle
723 2216 774 2263 ὅτ
799 2217 1053 2279 providere,
1089 2217 1161 2265 seu
1189 2218 1359 2272 facere;
1394 2217 1518 2280 quod
1546 2217 1693 2279 itaque
1717 2215 1821 2262 facit
1846 2215 2075 2266 Divinum
2098 2215 2170 2261 seu
2196 2214 2365 2262 Domi-

408 2298 509 2337 nus,
544 2280 632 2328 hoc
648 2282 855 2344 procedit
871 2282 930 2330 ab
953 2282 1074 2347 Ipso,
1108 2284 1158 2331 &
1179 2281 1395 2346 quicquid
1412 2282 1621 2346 procedit
1637 2282 1693 2327 ab
1707 2279 1829 2344 Ipso,
1863 2278 1928 2326 est
1951 2278 2166 2329 sanctum.

475 2361 623 2409 4092.
661 2346 798 2394 Nunc
822 2346 969 2411 surge,
1003 2349 1129 2412 quod
1160 2348 1382 2409 significet
1417 2347 1736 2402 elevationem,
1770 2344 1943 2392 constat
1964 2361 1991 2392 a
2029 2342 2368 2407 fignificatIOne

406 2414 602 2476 surgere,
636 2413 777 2475 quod,
801 2413 877 2460 ubi
917 2413 1099 2469 dicitur,
1135 2413 1338 2461 involvat
1376 2413 1692 2469 elevationem,
1725 2410 1784 2460 de
1805 2426 1895 2475 qua
1927 2426 1990 2458 n:
2034 2424 2179 2469 2401.
2218 2412 2345 2472 2785

406 2495 554 2543 2912.
583 2492 742 2543 ²9²7?
777 2479 827 2526 &
848 2479 959 2542 quid
984 2479 1190 2536 elevati0,
1225 2496 1285 2527 n:
1313 2495 1457 2542 3171.
2350 2476 2364 2489 ⁸

473 2560 621 2605 4093.
659 2543 750 2590 Exi
774 2559 800 2591 e
829 2555 941 2591 terra
965 2545 1060 2600 hac,
1094 2544 1222 2608 quod
1249 2543 1468 2608 fignificet
1491 2542 1816 2606 separationem
1851 2556 1878 2587 a
1900 2540 2024 2588 bono
2057 2539 2153 2597 ino,
2189 2555 2365 2605 nempe

403 2611 531 2673 quod
551 2625 628 2672 per
646 2609 881 2656 Labanem
899 2610 1190 2672 fignificatur,
1222 2609 1397 2661 constat
1419 2609 1584 2672 absque
1606 2606 1922 2671 explicatione.

469 2690 616 2738 4094.
655 2674 719 2722 Et
741 2687 957 2728 revertere
978 2674 1035 2722 ad
1051 2688 1215 2723 terram
1232 2674 1474 2723 nativitatis
1491 2686 1598 2729 tuae,
1611 2673 1737 2737 quod
1758 2671 1977 2735 significet
1993 2669 2359 2735 conjunctionem

403 2755 514 2794 cum
540 2741 710 2787 Divino
733 2742 856 2788 bono
872 2741 982 2796 veri,
1015 2740 1188 2793 constat
1220 2756 1279 2794 ex
1301 2739 1627 2801 fignificatione
1649 2740 1811 2786 reverti
1841 2738 1896 2784 ad
1935 2750 2115 2793 terram,
2149 2735 2275 2797 quod
2300 2736 2357 2783 fit

403 2807 613 2868 proprius
636 2805 676 2854 se
693 2804 892 2852 conferre
928 2806 984 2852 ad
1018 2806 1190 2854 bonum
1215 2805 1462 2862 Divinum,
1497 2805 1554 2852 de
1577 2820 1665 2868 qua
1690 2805 1820 2867 supra
1853 2819 1882 2849 n
1903 2819 1914 2849 :
1939 2803 2069 2864 4069
2091 2821 2106 2856 3
2140 2801 2190 2847 ὅτ
2212 2816 2239 2847 a
2274 2801 2363 2863 fig-

403 2870 661 2918 nificatione
702 2871 966 2928 nativitatis,
1000 2872 1125 2935 quod
1157 2871 1210 2919 fit
1242 2887 1423 2927 verum,
1457 2871 1516 2918 de
1545 2886 1635 2934 qua
1658 2869 1797 2918 etiam
1820 2867 2026 2938 supran:
2052 2880 2218 2927 4070·,
2254 2865 2360 2913 inde

401 2949 542 2999 patet,
576 2935 700 2997 quod
726 2951 803 2998 per
821 2936 979 2989 reverti
1003 2937 1058 2984 ad
1083 2936 1245 2986 terram
1269 2936 1530 2994 nativitatis,
1565 2934 1841 2999 significetur
1857 2931 2117 2995 conjunctio
2141 2946 2248 2978 cum
2267 2931 2358 2985 ‘Di-

401 3002 511 3048 vino
528 3001 651 3048 bono
674 3001 783 3049 veri.

466 3081 614 3127 409?-
650 3066 791 3112 Vers:
824 3083 896 3126 14.
924 3084 997 3127 ις.
1022 3068 1093 3116 16.
1133 3068 1195 3115 Et
1218 3067 1424 3130 respondit
1441 3067 1609 3114 Rachel
1630 3065 1685 3115 ἔθ’
1702 3063 1841 3118 Leah,
1880 3055 1935 3113 &²
1973 3060 2174 3111 dixerunt
2211 3064 2264 3118 oi,
2299 3078 2357 3110 an

397 3133 578 3199 amplius
600 3131 715 3180 nobis
728 3135 868 3194 portio
885 3131 939 3185 (5⁹
961 3132 1186 3183 haereditas
1202 3136 1246 3182 in
1266 3132 1387 3182 domo
1395 3135 1543 3196 patris
1556 3133 1699 3200 nostri.
1768 3128 1919 3181 Annon
1941 3127 2090 3178 alienae
2113 3128 2356 3257 emstertoe

2238 3209 2356 3242 umu5
