2690 3692
578 130 909 237 CAPUT
968 157 1631 233 TRIGESIMUM
1676 157 2130 228 PRIMUM.
2254 179 2339 226 21

362 294 517 357 sumus
538 291 592 346 ei,
627 292 728 354 quia
743 286 933 336 vendidit
948 303 1037 344 nos,
1073 287 1131 337 ἐξ
1150 287 1323 335 comedit
1344 290 1470 335 etiam
1493 287 1730 336 comedendo
1750 297 1977 351 argentum
1993 288 2186 348 nostrum.
2224 286 2344 349 Qia

369 373 512 406 omnes
532 356 711 411 divitae,
745 370 848 419 quas
870 355 1026 417 eripuit
1042 355 1164 402 Deus
1201 372 1231 401 a
1262 363 1391 415 patre
1411 353 1562 413 nqstrO,
1596 354 1706 404 nobis
1738 354 1841 411 illoe,
1874 353 1931 403 Εὖ*
1946 352 2058 412 filiis
2078 353 2255 414 nostrin
2288 352 2345 402 &

373 419 484 471 nunc
504 437 637 479 omne,
670 420 782 485 quod
793 419 903 467 dixit
926 421 1048 468 Deus
1069 419 1130 468 ad
1143 430 1202 477 te,
1225 419 1326 482 fac.
1397 419 1650 483 Respondit
1689 420 1861 468 Rachel
1903 420 1954 467 &
1986 420 2130 475 Leah,
2166 421 2217 466 &
2241 419 2344 465 dix·

373 501 506 536 erunt
530 488 589 544 ei,
625 487 846 550 fignificat
867 485 1153 550 reciprocum
1175 484 1472 533 affectionum
1495 485 1593 532 veri
1613 503 1624 532 :
1659 500 1715 532 an
1739 485 1938 549 amplius
1971 485 2101 533 nobis
2118 484 2270 548 portio
2291 486 2342 532 &

373 553 614 602 haereditas
639 553 685 599 in
711 553 854 599 domo
876 552 1014 613 patris
1037 550 1194 607 nostri,
1231 549 1454 612 fignificat
1485 550 1649 598 statum
1682 553 1885 614 primum
1921 549 2210 615 separationis
2248 550 2345 598 illa-

374 616 480 668 rum
504 636 529 666 a
552 620 780 680 bono'per
802 616 1043 664 Labanem
1069 615 1352 678 fignificato:
1387 631 1539 663 annon
1581 616 1743 663 alienae
1779 617 2051 664 existimatae
2090 617 2242 664 sumus
2281 617 2343 671 ei,

370 686 479 751 quia
499 683 704 732 vendidit
721 698 817 737 nOS,
854 680 1079 746 fignificat
1093 682 1221 746 quod
1244 682 1562 732 abalienaverit
1586 682 1697 738 illas,
1731 693 1783 728 ut
1805 698 1898 729 non
1938 682 2032 746 ejus
2065 682 2209 730 effent
2241 698 2342 731 am-

371 752 494 815 plius
513 767 524 796 :
559 750 607 796 &
631 747 836 796 comedit
858 751 998 795 etiam
1021 747 1307 796 comedendo
1322 760 1565 810 argentum
1587 747 1808 804 nostrum,
1844 747 2067 810 fignificat
2087 764 2249 796 verum
2286 748 2340 794 il·

372 818 521 866 larum
538 813 832 863 affectionum
846 813 971 877 quod
988 813 1284 868 consumeret,
1306 813 1338 860 fi
1356 829 1448 860 non
1471 813 1803 877 separarentur:
1840 813 1946 876 quia
1964 829 2124 860 omnes
2146 813 2345 870 divitiae,

371 898 486 947 quas
508 880 675 944 eripuit
694 879 820 926 Deus
842 895 867 925 a
900 890 1022 940 patre
1046 878 1215 934 nostro,
1250 878 1380 927 nobis
1404 879 1495 926 illae
1527 879 1579 926 δε
1602 878 1709 925 filiis
1748 878 1924 934 nostris,
1961 879 2186 940 fignificat
2213 879 2343 943 quod

372 946 530 996 omnia
551 961 609 992 ex
630 944 811 1008 propria
832 946 1054 1008 potentia,
1087 945 1139 992 &
1158 944 1272 992 nihil
1301 945 1361 994 ab
1378 944 1532 1009 aliquo
1553 943 1732 999 datum,
1768 943 2003 991 influendo
2023 959 2050 990 a
2065 944 2242 992 Divino
2262 945 2342 992 suo

371 1014 422 1060 in
445 1012 493 1059 id
510 1011 636 1075 quod
662 1010 766 1058 inde
788 1010 1037 1075 acciperet:
1075 1010 1126 1058 &
1156 1025 1438 1060 nuneomne
1461 1010 1590 1076 quod
1620 1009 1739 1058 dixit
1763 1011 1888 1059 Deus
1910 1009 1969 1057 ad
1991 1021 2052 1066 te,
2086 1009 2172 1066 fac,
2206 1009 2347 1075 signi-¹

369 1079 478 1128 ficat
491 1075 837 1126 Providentiam
858 1075 1071 1126 Domini.

438 1143 588 1207 4096.
625 1140 882 1206 Respondit
899 1141 1068 1190 Rachel
1092 1142 1304 1200 &Leah‚
1339 1144 1390 1192 ὅτ,
1412 1142 1626 1191 dixerunt
1647 1142 1708 1199 ei,
1742 1141 1869 1205 quod
1902 1141 2124 1204 fignificet
2146 1140 2343 1206 recipro-

367 1226 480 1260 cum
503 1207 800 1258 affectionum
818 1207 933 1264 veri,
967 1209 1142 1258 constat
1163 1225 1190 1256 a
1213 1209 1535 1272 significatione
1551 1208 1821 1272 respondere
1842 1223 1949 1256 cum
1969 1208 2198 1265 annuitur,
2214 1208 2345 1271 quod

371 1277 428 1326 fit
451 1275 753 1338 reciprocum,
787 1273 845 1320 de
861 1288 949 1336 qua
972 1290 1028 1322 n:
1054 1291 1201 1340 2919,
1236 1276 1288 1322 &
1325 1277 1453 1339 quod
1476 1275 1530 1323 fit
1574 1275 1789 1337 receptio,
1825 1290 1883 1321 n:
1910 1289 2057 1338 2941.
2085 1289 2212 1338 2957
2240 1295 2255 1329 ;
2290 1276 2341 1321 &c

369 1338 431 1390 ex
454 1339 848 1404 repraesentatione
871 1339 1096 1397 RacheliS,
1130 1341 1259 1406 quod
1292 1340 1346 1389 fit
1369 1341 1550 1389 affectio
1593 1342 1688 1388 veri
1727 1338 1965 1395 interioris,
1999 1342 2051 1388 δε
2073 1339 2189 1387 Leae
2211 1342 2340 1404 quod

373 1407 428 1456 fit
449 1406 633 1456 affectio
655 1405 748 1454 veri
766 1406 957 1463 externi,
979 1406 1037 1455 de
1058 1406 1220 1472 quibus
1242 1423 1294 1456 n:
1320 1409 1465 1472 3758.
1485 1410 1576 1472 378
1591 1424 1629 1456 z.
1658 1421 1802 1470 3793.
1830 1406 1888 1469 38
1903 1421 1977 1468 19.
2046 1406 2100 1453 In
2124 1405 2212 1453 illis
2233 1422 2340 1469 quae

370 1472 657 1540 praecedunt,
693 1472 845 1519 ac‘tum
869 1471 995 1519 estin
1020 1472 1143 1520 sensu
1160 1473 1339 1521 interno
1373 1476 1431 1520 de
1455 1474 1579 1522 bono
1601 1472 1828 1528 naturalis,
1863 1471 1988 1535 quod
2013 1487 2093 1535 per
2112 1472 2341 1532 Jacobum

372 1539 666 1603 significatur,
700 1554 809 1587 curn
826 1537 1092 1602 separaretur
1112 1540 1277 1587 abono
1291 1539 1464 1596 medie,
1499 1540 1625 1602 quod
1656 1537 1721 1586 est
1739 1538 1914 1593 Laban‚
1946 1538 2187 1600 quomodo
2206 1537 2339 1594 illud,

371 1621 539 1718 tampnis-pe
555 1604 992 1716 bopurnfinattglzalis,
1019 1604 1402 1717 ἒᾲἐὲιηςεῐεῑάῦὺί
1424 1604 1686 1717 αῗεὲξξοῃεε
1709 1605 1836 1715 {9221
1855 1619 1961 1667 quae
1980 1619 2062 1667 per
2080 1604 2340 1677 ‘Rae-helem

374 1736 432 1784 ad
458 1684 1545 1797 ὺὲἓιῐῗωΞὲἓὲῗέρρῆᾆέἓιεοὲἓζὲξυτείῗιρίῐὲιζῗι
1562 1684 2343 1798 ιζιῖἓῐῗιοενετῖἓῖἕὶηζεὲιιιὲῗὲξέῗιῗῖ

373 1802 427 1850 &
450 1801 581 1848 Leah
598 1814 721 1846 nunc
753 1798 942 1853 dicunt;
993 1799 1066 1846 sed
1091 1799 1190 1846 haec
1214 1800 1319 1847 talia
1340 1800 1460 1857 sunt,
1494 1811 1546 1848 ut
1578 1815 1670 1846 non
1692 1799 1853 1846 cadant
1876 1799 1923 1844 in
1954 1799 2234 1848 intellectum
2260 1803 2342 1850 nist

373 1865 511 1914 illum
533 1864 613 1928 qui
637 1862 875 1911 instructus
891 1864 972 1920 est,
1008 1865 1062 1920 διεῥ
1079 1864 1160 1928 qui
1173 1863 1429 1928 jucundum
1445 1865 1640 1929 percipit
1658 1864 1704 1911 in
1729 1863 1909 1912 scientia
1932 1865 2109 1921 talium,
2144 1868 2339 1929 proinde

369 1931 455 1995 qui
498 1946 584 1995 pro
622 1929 714 1976 fine
738 1929 895 1977 -habet
916 1928 1166 1994 spirituales
1207 1930 1529 1996 cognitiones;
1562 1933 1711 1979 caeteri
1742 1929 1854 1978 nihil
1880 1930 1983 1977 talia
2004 1945 2174 1986 curant,
2209 1932 2260 1980 &
2284 1949 2343 1981 eo

373 1996 515 2061 usque
540 1995 770 2043 intendere
784 2007 987 2043 mentem
1010 2012 1102 2043 non
1129 1996 1329 2060 poffunt,
1365 1996 1445 2062 qui
1463 1998 1590 2045 enim
1611 2012 1696 2060 pro
1718 1997 1809 2044 fine
1833 1996 1999 2045 habent
2028 1998 2255 2045 mundana
2289 2002 2341 2048 δε

373 2062 613 2119 terrestria,
647 2077 740 2110 non
757 2059 977 2109 abducere
1001 2062 1186 2126 possunt
1223 2062 1330 2110 inde
1353 2062 1520 2120 sensuS,
1553 2063 1604 2110 &
1644 2061 1677 2109 fi
1716 2061 2004 2118 abducerent,
2039 2061 2340 2127 injucundum

373 2130 672 2194 perciperent,
711 2141 818 2175 nam
837 2139 942 2175 tunc
958 2127 1234 2190 discederent
1256 2129 1308 2176 ὅτ
1330 2127 1374 2175 se
1396 2139 1685 2177 removerent
1700 2129 1759 2176 ab
1776 2127 1861 2175 illis
1890 2143 1999 2192 quae
2026 2144 2111 2192 pro
2138 2130 2229 2177 fine
2258 2131 2342 2178 ha-

377 2197 505 2251 bent,
541 2194 630 2242 hoc
648 2191 729 2250 est,
762 2209 869 2258 quae
890 2207 1079 2249 amant,
1112 2195 1371 2258 experiatur
1392 2194 1580 2259 quisque
1613 2194 1737 2258 apud
1770 2194 1814 2242 se
1834 2198 1916 2257 qui
1940 2194 2054 2252 talis,
2091 2212 2202 2247 num
2230 2196 2355 2247 scire,

371 2261 505 2326 velit,
538 2258 780 2323 quomodo
822 2260 998 2311 bonum
1036 2259 1082 2308 se
1123 2259 1334 2325 adjungit
1366 2260 1678 2309 affectionibus
1714 2261 1829 2316 veri,
1863 2260 1915 2308 ὅτ
1936 2262 2178 2325 quomodo
2207 2263 2341 2312 affec-

372 2329 520 2376 tiones
558 2325 650 2373 veri
691 2328 735 2374 ie
776 2325 1024 2391 adplicant,
1059 2328 1110 2374 δε
1148 2343 1300 2375 annon
1341 2326 1428 2375 hoc
1472 2326 1598 2384 scire,
1665 2325 1913 2376 molestum
1950 2327 2010 2384 ei,
2045 2328 2096 2375 ὅτ
2135 2329 2340 2377 dicturus

373 2392 500 2457 quod
535 2391 639 2440 talia
682 2391 724 2438 ei
766 2407 855 2439 non
902 2392 1171 2448 conducant,
1205 2403 1305 2441 turn
1345 2391 1473 2456 quod
1497 2392 1612 2440 nihil
1648 2392 1708 2441 de
1743 2392 1830 2439 illis
1857 2393 2033 2455 capiat;
2067 2405 2114 2441 at
2156 2394 2190 2451 fi
2236 2396 2340 2443 talia

372 2459 417 2504 ei
441 2456 667 2511 dicuntur,
701 2473 807 2520 quae
829 2455 921 2520 ejus
943 2458 1116 2519 negotii
1135 2457 1238 2507 sunt
1267 2458 1313 2506 in
1332 2457 1527 2516 mundo,
1562 2458 1738 2506 tametsi
1754 2458 2098 2507 reconditiffima
2133 2459 2247 2516 sunt,
2286 2462 2344 2508 δι”

370 2522 517 2589 qualis
558 2521 668 2570 alter
702 2522 758 2569 sit
800 2522 954 2586 quoad
986 2519 1264 2582 affectiones,
1301 2536 1397 2572 tum
1438 2525 1682 2588 quomodo
1719 2539 1802 2588 per
1824 2523 1920 2572 illas
1953 2524 2036 2573 fibi
2079 2523 2212 2573 illum
2257 2527 2337 2575 ad-

368 2588 557 2654 jungere
593 2589 742 2651 possit,
797 2587 840 2636 se
881 2587 1152 2652 applicando
1189 2591 1346 2638 animo
1379 2591 1431 2639 &
1463 2589 1612 2647 dietis,
1646 2589 1734 2638 hoc
1772 2605 1865 2636 non
1898 2590 2041 2639 modo
2078 2592 2218 2655 capit,
2259 2591 2339 2641 sed

374 2655 511 2702 etiam
536 2653 748 2703 interiora
784 2655 1008 2718 percipit:
1055 2655 1259 2705 similiter
1292 2659 1374 2721 qui
1412 2655 1603 2704 abstrusa
1626 2655 1911 2703 scientiarum
1933 2656 2144 2719 indagare
2177 2673 2235 2704 ex
2268 2658 2338 2707 af-

374 2718 573 2787 feftione
596 2717 758 2774 studet,
807 2717 844 2766 is
866 2719 1133 2769 intricatiora
1154 2738 1294 2786 quarn
1321 2723 1420 2771 haec
1436 2722 1598 2771 intueri
1631 2735 1771 2777 amat,
1805 2721 1856 2768 ὅτ
1890 2737 2074 2785 quoque
2106 2723 2341 2780 intuetur,

375 2799 422 2833 at
443 2800 548 2832 curn
573 2784 629 2830 de
651 2782 867 2846 spirituali
893 2786 1016 2833 bono
1040 2787 1089 2833 δε
1123 2803 1235 2836 vero
1256 2788 1420 2851 agitur,
1456 2787 1645 2835 taediurn
1680 2787 1830 2843 sentit,
1867 2789 1916 2834 δε
1940 2804 2129 2852 quoque
2166 2791 2341 2838 aversa·-v

372 2865 479 2900 tur:
514 2851 614 2898 haec
634 2849 757 2898 dicta
775 2848 891 2907 sunt,
926 2863 980 2899 ut
998 2850 1151 2900 sciatur
1163 2854 1311 2916 qualis
1330 2854 1472 2901 homo
1487 2853 1699 2901 Ecclefiae
1714 2852 1853 2902 hodie
1871 2852 1949 2902 est.
2018 2854 2106 2901 Sed
2141 2871 2341 2919 quomo,-

374 2917 439 2965 do
463 2916 505 2964 se
529 2916 664 2965 habet
683 2931 788 2962 curn
811 2916 935 2964 bono
975 2932 1080 2965 cum
1119 2919 1325 2983 adjungit
1357 2919 1439 2967 fibi
1463 2934 1567 2966 vera
1590 2934 1672 2982 per
1694 2917 1971 2975 affectiones,
2006 2920 2056 2972 ἂι
2078 2936 2185 2975 cum
2219 2922 2337 2971 veris

374 2998 486 3031 cum
505 2981 547 3029 se
570 2981 814 3046 applicant,
849 2998 940 3030 non
975 2983 1034 3031 ita
1056 2984 1256 3033 constare
1291 2984 1455 3048 potest,
1487 2999 1594 3031 curn
1621 2997 1800 3037 tenetur
1832 2983 1930 3031 idea
1954 2985 2030 3032 seu
2051 2988 2267 3050 cogitatio
2290 2989 2338 3035 in

374 3048 501 3096 bono
517 3048 571 3096 &
591 3048 635 3095 in
663 3063 793 3104 ver0,
831 3046 905 3095 sed
931 3048 1091 3098 melius
1112 3065 1219 3098 cum
1242 3050 1288 3097 in
1312 3049 1597 3103 societatibus
1634 3049 1873 3112 spirituum
1897 3051 1947 3098 δε
1970 3053 2236 3112 angelorum
2260 3070 2342 3117 per

371 3128 488 3183 quas
510 3112 720 3172 influunt,
756 3129 864 3163 narn
893 3126 945 3185 ut
967 3131 1021 3184 ης
1046 3116 1175 3183 4067
1213 3115 1391 3186 diclum
1430 3114 1511 3176 est,
1557 3115 1757 3167 hominis
1784 3115 1900 3186 yelle
1934 3118 1985 3169 &
2007 3132 2210 3182 cogitare
2235 3120 2342 3166 inde

2201 3199 2345 3244 vemt,
