2742 3718
427 226 562 294 540
785 205 847 268 G
987 204 1050 268 E
1190 203 1303 268 N-
1392 203 1478 269 Ε
1595 199 1647 274 S
1781 207 1867 272 12⁴-
1906 210 2028 275 -51

425 325 568 375 tiones
594 326 708 382 sunt,
745 325 818 373 sed
857 325 911 373 ab
935 325 1073 372 altero
1097 325 1258 388 gradu,
1295 324 1368 373 seu
1390 342 1414 374 a
1437 325 1570 374 tertio
1604 326 1661 374 ad
1685 326 1913 383 ultimam,
1941 328 2123 391 primus
2147 332 2311 394 gradus
2335 332 2419 382 illis

430 393 493 439 est
509 392 709 448 clausus·,
746 393 801 439 ab
824 392 961 440 altero
998 393 1159 456 gradu,
1195 405 1282 440 aut
1301 393 1451 450 tertio,
1487 393 1671 451 dicitur,
1706 395 1813 457 quia
1842 393 2127 443 conscientiae
2147 397 2211 445 est
2232 399 2419 462 duplex,

431 462 614 506 interior
635 460 684 507 δε
709 460 916 514 exterior,
952 458 1217 506 conscientia
1248 460 1431 506 interior
1452 459 1515 507 est
1539 459 1645 508 boni
1668 460 1836 508 &veri
1861 459 2120 523 spirituales,
2155 464 2422 514 conscientia

431 527 623 572 exterior
640 525 701 572 est
718 523 828 590 just!
853 529 901 574 &
926 525 1066 589 aequi,
1102 523 1193 590 ipsa
1215 525 1485 574 conscientia
1507 525 1570 574 est
1591 527 1779 590 planum
1805 527 2017 583 interius,
2035 528 2082 574 in
2105 544 2200 591 quo
2214 532 2423 580 termina-

432 597 507 639 tur
531 593 728 639 influxus
744 593 904 648 Divini
929 591 1069 647 boni·,
1104 604 1147 639 at
1172 593 1252 656 qui
1276 609 1367 640 non
1392 592 1712 642 conscientiam
1737 593 1916 651 habent,
1954 594 2017 641 illi
2042 610 2132 642 non
2160 595 2321 652 habent
2343 597 2442 651 ali-.

432 659 558 722 quod
583 659 767 723 planum
787 660 968 706 interius
986 659 1110 722 quod
1131 659 1290 723 recipit
1307 660 1552 717 influxum,
1576 658 1752 707 bonum
1777 660 1897 723 apud
1923 660 2025 709 illos
2049 663 2269 710 transfluit
2289 664 2426 727 usque

433 726 489 772 ad
520 727 712 773 exterius
739 726 933 773 naturale
965 725 1036 773 seu
1062 724 1258 773 naturale
1282 723 1486 783 sensuale,
1522 726 1573 774 &
1613 726 1673 773 ibi
1698 727 1886 783 veritur,
1922 738 1973 774 ut
1996 727 2190 785 dictum,
2227 729 2272 776 in
2298 729 2424 794 spur„-

437 807 487 839 ca
511 791 706 853 jucunda
726 815 740 848 ·,
778 804 963 856 apparet
987 791 1055 839 his
1078 792 1352 856 quandoque
1376 792 1508 840 dolor
1537 792 1650 840 ficut
1681 793 1983 850 conscientiae,
2018 793 2091 852 sed
2116 811 2206 842 non
2229 795 2293 842 est
2315 812 2426 844 con-

435 859 630 916 scientia,
665 857 728 906 est
749 859 881 907 dolor
903 874 960 906 ex
985 860 1233 923 privatione
1247 856 1445 923 jucundi
1469 858 1550 916 sui,
1586 859 1699 907 ficut
1723 859 1920 916 honoris,
1935 893 1939 896 -
1955 860 2085 918 lucri,
2122 859 2273 919 famae,
2298 864 2425 920 vitoe,

438 926 748 990 voluptatum,
785 926 997 973 amicitiae
1031 925 1207 982 talium,
1243 927 1292 974 &
1316 925 1402 973 hoc
1424 924 1489 973 est
1522 926 1643 982 inde,
1680 927 1787 990 quia
1820 928 2154 985 terminationes
2179 927 2277 975 sunt
2299 930 2344 976 in
2369 940 2436 983 ta·-

439 993 555 1040 libus
572 991 823 1055 jucundis3
859 1008 915 1040 ex
941 993 1008 1040 his
1031 992 1229 1040 constare
1252 991 1419 1057 potest,
1449 993 1528 1056 qui
1566 994 1611 1040 in
1649 992 1771 1053 sensu
1810 991 2025 1057 spirituali
2059 993 2332 1057 significatur
2355 1011 2438 1059 perv

438 1055 622 1107 canistra
643 1057 875 1123 perforata.
945 1059 997 1107 In
1040 1057 1173 1106 altera
1195 1059 1288 1108 vita
1322 1059 1561 1123 imprimis,
1584 1059 1882 1125 dignoscitur,
1917 1076 2031 1107 num
2055 1061 2176 1123 apud
2200 1061 2433 1111 hominem

442 1127 694 1174 voluntaria
716 1128 954 1173 terminata
975 1123 1142 1173 suerint
1163 1125 1238 1173 vel
1263 1141 1354 1189 non
1378 1126 1643 1186 terminata
1668 1127 1790 1190 apud
1813 1142 1952 1190 quem
1979 1123 2215 1175 terminata
2232 1126 2432 1183 fuerunt,

440 1192 503 1239 est
527 1192 650 1239 zelus
674 1208 759 1255 pro
781 1192 904 1243 bono
927 1192 974 1239 &
1001 1207 1108 1239 vero
1133 1190 1361 1259 spirituali,
1391 1192 1468 1239 =vel
1484 1207 1576 1256 pro
1590 1190 1712 1254 justo
1736 1194 1784 1251 βε
1808 1208 1961 1257 aequo,
1999 1194 2218 1242 illi-enim
2257 1197 2430 1243 bonum

441 1258 636 1306 fecerant
659 1272 843 1323 propter
869 1257 1042 1306 bonum
1067 1258 1141 1306 vel
1167 1271 1553 1322 propter-verum,
1590 1260 1639 1317 ὃς
1663 1257 2052 1322 justum-egerant
2069 1275 2238 1324 proper
2253 1259 2430 1325 justum

441 1338 518 1373 aut
542 1341 748 1389 aequum,
774 1341 864 1373 non
890 1337 1074 1389 propter
1098 1325 1295 1382 lucrum,
1320 1324 1641 1385 honorem,'&-
1659 1324 1818 1385 similia
1828 1341 1846 1372 1:
1870 1340 2043 1375 omncs
2060 1326 2145 1383 illi,
2167 1329 2292 1391 apud
2315 1344 2433 1391 quos

442 1393 695 1440 voluntaria
718 1393 926 1439 interiora
949 1386 1405 1447 terminata-fuerunt,
1439 1392 1750 1450 elevanturad
1775 1392 1969 1451 coelum,
1993 1408 2096 1440 nam
2112 1393 2342 1442 Divinum
2365 1396 2435 1445 in·

444 1460 584 1507 fluens
609 1475 684 1506 eos
711 1459 874 1508 'ducere
896 1456 1070 1521 potest,
1108 1470 1154 1505 at
1177 1473 1335 1507 omnes
1360 1457 1426 1504 illi
1448 1457 1569 1521 apud
1592 1473 1708 1521 quos
1733 1458 1984 1511 voluntaria
2005 1460 2212 1507 interiora
2236 1476 2326 1507 non
2345 1454 2434 1509 ter-

445 1527 614 1573 minata
639 1523 836 1580 fuerunt,
874 1523 914 1571 se
938 1522 1087 1572 ferunt
1111 1526 1155 1572 in
1180 1516 1425 1580 infernum,
1462 1539 1566 1571 nam
1601 1524 1826 1582 transfluit
1848 1525 2074 1572 Divinum
2100 1525 2150 1572 δε
2173 1527 2362 1581 vertitur
2384 1528 2431 1581 in

443 1590 674 1647 infernale,
700 1592 811 1639 ficut
835 1606 942 1639 cum
968 1590 1066 1638 solis
1089 1591 1210 1639 calor
1232 1591 1392 1638 incidit
1415 1591 1460 1655 in
1486 1588 1607 1637 faeda
1625 1603 1930 1647 excrementa,
1967 1591 2088 1638 unde
2111 1605 2247 1655 putor
2270 1607 2430 1655 grave-

442 1657 594 1705 olens:
631 1657 950 1722 consequenter
972 1674 1130 1706 omnes
1155 1657 1218 1705 illi
1243 1658 1322 1720 qui
1347 1655 1665 1720 conscientiam
1699 1657 1981 1714 habuerunt,
2004 1657 2238 1714 salvantur,
2276 1670 2321 1706 at
2353 1660 2437 1722 qui

442 1720 620 1772 nullam
639 1720 885 1772 habuerunt
910 1740 1000 1772 non
1024 1722 1176 1772 salvari
1201 1725 1394 1788 poffunt.
1418 1743 1422 1747 ⁴
1465 1724 1602 1781 Tunc
1637 1722 1866 1787 perforata
1880 1723 1961 1784 &seu
1997 1727 2344 1780 nonssterminata
2366 1727 2445 1778 diff,

446 1804 611 1841 cuntur
637 1791 905 1848 voluntaria,
942 1785 1060 1839 cum·
1090 1789 1225 1846 nulla¹
1245 1789 1308 1843 est
1332 1789 1511 1838 affectio
1536 1790 1715 1850 boni&
1739 1792 1850 1848 veri,
1887 1805 1962 1839 aut
1980 1789 2087 1856 justi
2111 1793 2159 1840 &
2184 1793 2326 1856 aequi,
2359 1791 2434 1840 sed

446 1875 554 1905 cum
581 1859 677 1905 haec
701 1873 785 1922 pro
808 1858 989 1904 vili‘aut
1002 1857 1246 1922 pronihilo
1263 1857 1481 1906 habentur
1497 1857 1756 1920 respective,
1781 1870 1858 1904 aut
1875 1857 2441 1923 aestimantur'solumcape

445 1925 568 1971 tandi
596 1925 706 1972 lucri
730 1925 1014 1972 aut'honoris
1038 1924 1192 1980 causa,
1212 1924 1473 1973 ‘affectiones
1496 1923 1598 1972 sunt
1618 1941 1726 1987 quae
1751 1925 1990 1972 terminant
2008 1926 2055 1972 ὅτ
2074 1941 2182 1989 quae
2199 1926 2433 1981 claudunt,

443 2004 717 2055 quapropter
739 1992 870 2039 etiam
898 2004 1115 2038 vocantur
1138 1991 1337 2046 vincula,
1362 1985 1619 2038 affectiones
1648 1992 1755 2038 boni
1781 1992 1828 2038 &
1853 1993 1947 2038 veri
1970 1993 2150 2038 vincula
2173 1994 2362 2048 interna,
2376 1994 2438 2040 &7

445 2058 702 2105 affefflones
730 2058 832 2105 mali
854 2059 900 2104 ὅ(
928 2057 1016 2104 salsi
1044 2052 1226 2105 vincula
1247 2060 1444 2115 externa,
1467 2074 1527 2105 n:
1556 2062 1614 2119 38
1624 2073 1718 2120 353
1755 2057 1834 2104 nisi
1858 2057 2114 2106 affectiones
2141 2059 2246 2107 mali
2269 2060 2319 2107 ὅτ
2343 2057 2441 2111 falfi,

445 2123 590 2171 forent
628 2124 823 2179 vincula,
860 2122 1063 2171 insaniret
1099 2125 1255 2181 homo,
1291 2141 1348 2171 n:
1376 2138 1525 2186 4217,
1563 2123 1887 2181 insaniaeenim
1910 2124 2435 2186 nonaliudsuntquam

445 2190 688 2239 solutiones
713 2191 870 2237 talium
896 2191 1203 2246 vinculorum,
1223 2191 1299 2250 ,ita
1324 2206 1413 2237 non
1439 2191 1775 2249 terminationes
1797 2191 1841 2236 in
1867 2188 1986 2245 illis,
2019 2191 2091 2236 sed
2126 2191 2232 2252 quia
2256 2190 2326 2242 his<
2347 2206 2440 2241 non

443 2255 545 2302 sunt
570 2256 759 2313 vincula¹
774 2257 957 2311 interna,
984 2250 1084 2302 ideo
1108 2255 1326 2304 insaniunt
1352 2257 1470 2302 intus
1488 2256 1637 2318 quoad
1652 2256 1953 2318 >cagitationes
1973 2257 2021 2309 δε
2038 2255 2310 2313 affectiones,
2339 2271 2438 2308 mo-

446 2324 702 2371 derantibus
738 2323 929 2378 vinculis
960 2323 1171 2378 externis,
1207 2338 1312 2385 quae
1336 2320 1436 2368 sunt
1459 2321 1714 2369 affectiones
1740 2323 1870 2377 lucri,
1907 2322 2104 2378 honoris,
2127 2321 2276 2381 *famae
2299 2338 2438 2386 prop·

447 2404 512 2436 ter
536 2389 624 2445 illa,
662 2391 706 2436 δε
736 2389 839 2436 inde
863 2392 1048 2437 timores
1073 2388 1202 2454 legis,
1237 2389 1286 2435 &
1311 2389 1437 2444 vitae,
1473 2404 1527 2434 ne
1550 2400 1820 2450 erumpant:
1858 2389 1942 2435 hoc
1967 2389 2329 2452 repraesentatum
2345 2388 2442 2441 ‚fuit

446 2457 490 2503 in
518 2455 716 2508 Ecclesia
737 2456 926 2516 Judaica
950 2472 1029 2519 per
1051 2456 1175 2519 quod
1202 2457 1247 2505 in
1270 2454 1418 2503 domo
1442 2454 1610 2502 mortui
1643 2469 1779 2501 omne
1815 2469 1891 2502 vas
1923 2468 2148 2518 apertum.
2183 2454 2442 2519 super-*quo

446 2520 538 2569 non
564 2525 831 2587 operculum
857 2523 1138 2586 panniculus,
1165 2521 1461 2568 immundum
1483 2521 1637 2581 effet,”
1667 2522 1819 2568 Num:
1851 2535 1968 2570 xix:
2005 2538 2098 2584 13:-
2129 2521 2441 2583 fimiliazetiam

447 2606 528 2652 per
553 2605 690 2652 opera
714 2587 979 2636 foraminosa
1002 2588 1308 2652 significantur
1331 2589 1452 2650 apud
1477 2586 1652 2635 Esaiam
1691 2593 1724 2613 ‘⁶
1749 2587 2025 2642 Erubescent
2060 2588 2269 2638 facientes
2295 2586 2442 2635 linum

447 2656 707 2706 sericorum,
745 2656 793 2703 ὅτ
829 2668 1027 2702 texentes
1048 2655 1317 2718 foraminosa
1351 2667 1513 2715 opera3
1539 2655 1597 2706 ,ὅτ
1629 2667 1761 2701 erunt
1785 2652 2197 2718 fundamenta-ejus
2218 2655 2437 2710 contusa;

446 2738 606 2768 omnes
630 2721 835 2770 facientes
863 2721 1118 2769 mercedem
1145 2722 1298 2784 stagna
1321 2721 1536 2777 animae,''
1559 2735 1673 2768 xlx:
1698 2738 1747 2785 9.
1779 2735 1864 2769 ro:
1902 2723 1949 2768 &
1977 2738 2056 2784 per
2079 2721 2440 2784 foraminaiapud

443 2783 731 2836 Ezechielem
771 2795 806 2815 “
831 2790 1023 2852 Spiritus
1049 2789 1303 2836 introduxit
1330 2788 1596 2851 prophetam
1622 2787 1675 2832 ad
1701 2799 1880 2850 portam
1901 2791 2018 2843 atrii,
2055 2787 2131 2834 ubi
2165 2789 2298 2844 vidit,
2332 2802 2440 2834 cum

443 2871 546 2902 ecce
559 2856 755 2917 foramen
780 2872 906 2902 unum
929 2859 973 2901 in
990 2857 1193 2918 pariete,
1229 2855 1278 2901 &
1303 2855 1418 2901 dixit
1441 2854 1497 2900 ad
1522 2854 1671 2909 illum,
1700 2853 1878 2915 perfora
1901 2868 1980 2918 age
1997 2856 2219 2915 parietem,
2237 2855 2437 2915 perform

443 2923 513 2966 vit
538 2925 680 2985 itaque
695 2926 919 2983 parietem,
946 2937 1053 2969 cum
1078 2937 1180 2968 ecce
1203 2920 1369 2967 ostium
1397 2936 1574 2976 unum;
1600 2932 1708 2966 tunc
1732 2920 1851 2967 dixit
1873 2921 1936 2970 ad,
1954 2921 2102 2976 illum,
2127 2921 2240 2969 intra
2262 2921 2308 2966 δι
2335 2919 2441 2966 vide

444 2988 799 3044 abominationes
824 3003 931 3050 quas
959 2989 1020 3034 illi
1046 2987 1217 3035 faciunt
1241 2988 1343 3043 hic;
1385 3003 1492 3033 cum
1519 2988 1702 3033 intravit
1726 2989 1774 3033 &
1802 2988 1940 3043 vidit„
1969 2999 2071 3034 ecce
2101 2986 2248 3031 omnis
2271 2986 2443 3047 effigies

446 3053 615 3114 reptilis
641 3056 686 3100 δι’
712 3054 879 3109 bestiae,
905 3055 1199 3110 abominatio,
1235 3055 1282 3101 &
1309 3055 1463 3100 omnia
1488 3053 1609 3101 idola
1635 3053 1801 3102 domus
1824 3053 1997 3103 Israelis.
2011 3051 2186 3113 depicta
2212 3054 2340 3116 super
2353 3067 2443 3115 :par

446 3121 553 3166 r'iete
577 3120 889 3177 circumcirca,
928 3120 1027 3184 seq:
1058 3136 1190 3168 vrit:
1224 3135 1265 3183 7.
1299 3125 1339 3168 8.
1370 3135 1525 3186 9.-10.
1875 3147 1877 3149 ·
1916 3148 1919 3150 ,

2301 3270 2329 3316 5
2350 3253 2445 3314 ¹46·
