2690 3692
539 245 870 319 CAPUT
918 244 1591 326 TRIGESIMUM
1639 251 2091 320 PRIMUM.
2243 271 2323 332 17

427 397 579 446 4074.·
609 381 674 429 Et
694 381 813 436 dixit
827 382 931 439 illis,
965 382 1102 430 video
1125 397 1214 444 ego
1249 379 1382 430 facies
1404 383 1540 445 patris
1563 383 1714 440 vestri,
1753 383 1880 447 quod
1922 384 2175 432 nullatenus
2214 384 2247 430 is
2270 384 2327 429 ad

365 465 458 505 me,
482 449 605 496 -ficut
627 449 722 495 heri
747 448 912 496 nudius
928 449 1100 503 tertius,
1136 446 1260 512 quod
1285 448 1508 508 significet
1527 449 1661 495 status
1686 451 1986 497 mutationem
2023 451 2068 496 in
2093 450 2216 496 bono
2251 466 2329 512 per

362 516 598 563 Labaroem
627 513 911 575 significato,-
932 512 1105 562 constat
1143 527 1200 559 ex
1222 512 1326 570 illis,
1360 529 1469 577 quae
1500 512 1630 576 supra
1663 531 1693 560 n
1714 531 1725 560 z
1750 515 1897 579 4067,
1931 516 2054 563 dicta
2093 516 2212 573 sunt,
2249 516 2329 563 ubi

360 580 523 629 eadem
545 580 696 631 verba.

430 659 580 710 4075.
616 645 681 692 Et
697 645 823 692 Deus
846 642 986 709 patris
1019 645 1111 692 mei
1148 643 1239 693 fuit
1274 659 1382 692 cum
1422 660 1516 702 me,
1550 643 1676 708 quod
1700 644 1921 705 significet
1945 647 2070 710 quod
2106 647 2333 696 aDivino

363 712 521 760 omnia
535 723 642 772 quae
666 709 765 767 fibi,
799 710 970 758 constat
991 725 1048 756 ex
1070 725 1143 766 e0,
1162 710 1288 774 quod
1305 711 1432 757 Deus
1447 709 1599 773 patris,
1617 726 1726 757 cum
1745 711 2012 772 praedicatur
2029 714 2083 760 de
2106 714 2331 767 Domino,

365 777 419 824 sit
441 775 666 823 Divinum
680 776 807 840 quod
832 775 951 840 1pfi;
990 777 1042 823 δε
1063 777 1190 839 quod
1213 775 1299 823 fuit
1314 791 1419 822 cum
1435 792 1529 830 me,
1563 776 1618 822 s1t
1634 777 1758 839 quod
1782 776 1888 823 inde
1913 781 2066 826 omnia
2088 794 2196 839 quae
2215 781 2328 826 Sibi.

364 841 618 897 Dominus»,
650 857 756 889 cum
783 841 1058 888 Humanum
1086 841 1132 887 in
1155 841 1214 886 Se
1245 841 1476 888 Divinum
1494 841 1618 895 fecit,
1654 843 1792 888 etiam
1826 841 2057 891 societates
2089 845 2334 906 spirituum

363 909 416 955 &
433 906 702 970 angelorum
725 907 896 954 circum
921 905 963 959 se
981 905 1158 962 habuit,
1193 921 1302 952 nam
1337 905 1490 954 voluit
1512 918 1562 953 ut
1582 906 1826 953 secundum
1845 907 2054 955 ordinem
2073 909 2227 956 omnia
2251 912 2334 957 fie-

363 984 492 1022 rent:
529 969 605 1018 sed
622 970 718 1018 Sibi
743 971 836 1036 Ipsi
852 971 1053 1027 adscivit,
1092 971 1244 1034 quales
1269 970 1552 1028 inservirent,
1592 972 1642 1019 &
1667 971 1775 1018 ficut
1799 972 2100 1036 beneplacuit,
2138 979 2336 1023 mutavit

363 1038 495 1092 illas;
528 1049 575 1084 at
596 1051 655 1084 ex
678 1036 764 1085 illis
781 1037 902 1086 nihil.
926 1036 1034 1084 boni
1058 1036 1110 1084 δε
1132 1037 1226 1084 veri
1251 1035 1423 1092 sumsit,
1459 1039 1509 1085 ὅτ
1534 1037 1612 1085 fibi
1653 1037 1897 1101 applicuit,
1935 1040 2008 1087 sed
2033 1055 2088 1086 ex
2114 1041 2295 1088 Divino
2318 1064 2334 1096 ·‚

363 1103 423 1152 sic
444 1102 583 1150 etiam
607 1101 653 1149 in
669 1102 880 1150 ordinem
905 1101 1080 1165 redegit
1100 1103 1150 1150 δε
1171 1102 1347 1151 coelum
1369 1104 1420 1150 &
1437 1102 1686 1159 infernum,
1723 1104 1772 1150 δε
1799 1103 1884 1150 hoc
1906 1105 2154 1162 successive,
2190 1108 2332 1171 usque

362 1169 475 1217 dum
495 1167 538 1216 se
562 1167 692 1231 plene
715 1168 1020 1231 glorificavit:
1055 1169 1184 1232 quod
1224 1168 1451 1216 societates
1486 1170 1728 1232 spirituum
1753 1169 1804 1215 &
1827 1171 2096 1231 angelorum
2122 1172 2336 1220 inservire

363 1235 597 1300 potuerint
613 1233 728 1290 usui,
763 1235 814 1282 δε
832 1233 973 1298 usque
990 1233 1103 1281 nihil
1125 1234 1184 1282 ab
1201 1233 1289 1281 illis
1307 1233 1582 1288 desumserit‚
1601 1233 1804 1282 illustrari
1831 1236 1980 1298 potest
2002 1237 2061 1283 ab
2085 1239 2334 1300 exemplis·,

362 1301 602 1351 Societates
622 1315 732 1364 quae
754 1300 864 1348 tales
886 1301 1005 1355 sunt,
1038 1313 1088 1347 ut
1108 1299 1289 1348 credant
1308 1299 1484 1348 bonum
1507 1300 1629 1348 effea
1644 1299 1703 1356 se,
1720 1300 1772 1346 δε
1791 1300 1895 1346 inde
1914 1301 1959 1348 in
1974 1301 2104 1349 bonis
2119 1304 2335 1353 meritum

362 1377 545 1432 ponunt
569 1398 587 1422 ,
620 1364 943 1414 inserviverant
965 1363 1084 1422 usui,
1118 1365 1174 1412 ad
1194 1365 1576 1414 introducendum
1597 1365 1638 1412 se
1663 1365 1709 1412 in
1741 1365 1967 1414 scientiam
1992 1369 2051 1415 de
2091 1369 2169 1416 tali
2193 1371 2336 1427 bono,

361 1430 535 1481 &inde
551 1433 598 1478 in
623 1429 883 1496 sapientiam
905 1431 965 1479 de
978 1432 1102 1478 bono
1119 1430 1290 1496 absque
1313 1432 1497 1488 merito,
1535 1431 1666 1495 quale
1687 1430 1752 1478 est
1773 1433 1897 1494 quod
1923 1449 1978 1479 ex
1999 1434 2173 1481 Divino
2192 1457 2206 1490 ;
2259 1437 2336 1484 illa

365 1496 562 1554 scientia,
595 1497 777 1546 &inde
812 1496 1025 1560 sapientia
1054 1511 1148 1544 non
1192 1499 1279 1545 fuit
1300 1512 1359 1546 ex
1382 1496 1472 1544 illis
1510 1497 1809 1554 societatibus,
1843 1497 1919 1547 sed
1958 1514 2040 1562 per
2066 1500 2192 1547 illas:
2250 1503 2337 1550 smt

363 1577 550 1627 quoque
572 1578 658 1626 pro
673 1563 906 1627 exemplo,
942 1562 1170 1610 societates
1187 1578 1295 1626 quae
1315 1563 1516 1611 multum
1542 1562 1583 1609 se
1607 1561 1759 1626 sapere
1794 1563 1998 1623 credunt,
2033 1566 2082 1612 δε
2108 1577 2256 1614 tamen
2277 1568 2337 1615 de

364 1628 489 1675 bono
509 1629 560 1676 δε
584 1643 694 1676 vero
713 1628 1048 1683 ratiocinantur,
1081 1629 1133 1675 δε
1162 1628 1221 1674 de
1253 1628 1442 1688 singulis
1473 1643 1584 1674 nurn
1628 1628 1689 1676 ita
1720 1627 1790 1683 sit,
1827 1628 1934 1674 tales
1970 1630 2196 1679 societates
2235 1633 2339 1680 sunt

368 1692 602 1756 pleraeque
613 1691 912 1756 spiritualium
932 1713 947 1747 ς
970 1691 1294 1740 inserviverant
1304 1690 1403 1757 usui
1426 1691 1482 1739 ad
1500 1692 1882 1741 introducendum
1901 1693 1943 1740 se
1959 1695 2005 1741 in
2023 1695 2252 1746 scientiam
2277 1700 2337 1748 de

367 1758 473 1815 illis,
507 1759 802 1820 &quantum
820 1760 867 1805 in
890 1758 1051 1804 umbra
1073 1757 1173 1804 sunt
1192 1757 1461 1820 respective,
1498 1754 1549 1805 ὅτ
1573 1757 1657 1804 nifi
1688 1759 1922 1805 Divinum
1953 1759 2230 1810 misereretur
2261 1781 2338 1811 eo-

365 1837 499 1878 rum,
519 1822 646 1886 quod
680 1823 895 1885 perirent,
933 1824 985 1870 &c
1019 1823 1067 1872 in
1090 1823 1223 1885 plura
1256 1837 1364 1886 quae
1392 1837 1450 1869 ex
1474 1821 1667 1879 Divino,
1702 1838 1806 1886 quae
1830 1838 1921 1870 non
1947 1823 2129 1873 fuerunt
2152 1844 2209 1874 ex
2233 1829 2337 1887 inis,

365 1886 445 1936 sed
468 1902 551 1951 per
588 1886 682 1935 illas
700 1905 733 1934 :⁷
763 1888 866 1934 Sint
887 1886 1034 1934 adhuc
1056 1902 1141 1950 pro
1162 1886 1380 1950 exemplo
1416 1886 1663 1944 societates,
1697 1904 1806 1951 quae
1830 1888 1876 1935 in
1910 1905 2064 1938 amore
2094 1891 2141 1939 in
2178 1895 2337 1943 Deum

367 1953 484 2008 sunt,
519 1953 570 2000 &
591 1954 777 2002 credunt
795 1954 829 2001 fi
851 1953 1092 2000 Infinitum
1117 1951 1368 2008 intuentur,
1403 1953 1454 2000 δε
1476 1953 1796 2000 absconditum
1819 1955 1977 2002 Deum
2000 1958 2172 2014 colunt,
2206 1964 2338 2024 quod

365 2020 412 2067 in
429 2033 584 2066 amore
607 2019 653 2065 in
670 2018 825 2083 Ipsum
851 2020 1016 2082 poffint
1034 2018 1138 2074 effe,
1172 2034 1278 2066 cum
1299 2031 1452 2066 tamen
1476 2034 1568 2066 non
1593 2019 1712 2076 sunt,
1750 2020 1830 2066 nisi
1850 2020 2083 2069 infinitum
2118 2024 2226 2072 illud
2253 2028 2338 2073 ali-

363 2100 453 2148 qua
463 2083 563 2131 idea
586 2085 771 2133 finitum
785 2084 968 2140 faciant,
1002 2096 1080 2131 aut
1097 2083 1410 2132 absconditum
1434 2085 1594 2132 Deum
1615 2085 1843 2133 visibilem
1866 2087 1988 2148 apud
2015 2087 2076 2144 se,
2112 2105 2193 2151 per
2216 2092 2337 2139 ideas

359 2149 692 2198 intellectuales
715 2151 882 2207 finitas,
916 2149 1082 2206 sistant,
1115 2152 1222 2213 quia
1234 2150 1433 2213 alioquin
1455 2149 1572 2197 foret
1590 2151 1752 2199 intueri
1774 2151 1818 2197 in
1834 2151 2096 2213 caliginem,
2115 2157 2165 2203 δε
2182 2173 2338 2205 amore

367 2215 581 2279 amplecti
615 2216 664 2263 id
698 2217 826 2279 quod
860 2217 941 2272 ibi,
977 2219 1037 2264 ita
1059 2217 1184 2279 plura
1213 2216 1477 2264 inconcinna
1511 2217 1562 2264 &
1592 2216 1821 2264 incondita
1860 2218 2106 2266 secundum
2144 2221 2338 2284 cujusvis

369 2282 495 2329 ideas
514 2302 530 2335 ·‚
567 2281 674 2329 tales
696 2297 878 2347 quoque
904 2283 1224 2330 inserviverant
1240 2281 1355 2340 usui,
1391 2281 1448 2328 ad
1466 2278 1846 2330 introducendum
1864 2284 1914 2330 -in
1938 2284 2164 2333 scientiam
2182 2291 2239 2335 de
2268 2292 2339 2336 in-

368 2347 605 2396 terioribus
622 2347 806 2396 illorum
827 2347 973 2412 qualia
995 2348 1153 2404 essent,
1189 2360 1292 2394 tum
1315 2348 1375 2394 de
1396 2363 1549 2395 amore
1565 2348 1748 2395 illorum
1781 2349 1943 2410 qualis,
1978 2352 2029 2397 δε
2066 2368 2252 2417 quoque
2289 2356 2335 2402 in

374 2412 726 2469 miserationem,
760 2413 811 2461 δε
835 2413 960 2477 quod
986 2429 1067 2460 nec
1092 2414 1246 2461 salvari
1287 2414 1479 2477 possent,
1516 2414 1596 2461 nifi
1621 2413 1895 2462 Humanum
1927 2415 2119 2464 Domini
2151 2435 2338 2484 quoque

370 2476 597 2524 Divinum
614 2478 764 2534 fieret,
801 2479 846 2525 in
869 2478 997 2542 quod
1022 2479 1297 2526 intuerentur
1315 2500 1331 2533 ·,
1366 2479 1465 2525 haec
1488 2478 1700 2542 sapientia
1724 2495 1804 2526 nec
1829 2478 1916 2526 fuit
1937 2496 1993 2526 ex
2019 2483 2119 2538 illis,
2158 2486 2227 2531 sed
2256 2503 2336 2548 per

372 2542 468 2590 illas
488 2557 544 2589 ex
562 2542 736 2591 Divino
757 2561 768 2590 :
802 2543 1006 2591 similiter
1029 2544 1070 2591 se
1092 2545 1229 2592 habet
1246 2545 1292 2591 in
1317 2541 1531 2608 reliquis:
1570 2545 1734 2592 exinde
1753 2557 1892 2608 patet,
1928 2550 2171 2609 quomodo
2194 2551 2234 2596 se
2260 2553 2337 2598 ha-

372 2609 452 2655 bet
472 2623 579 2654 cum
602 2609 703 2665 hoc,
737 2609 862 2672 quod
886 2626 911 2656 a
935 2610 1059 2657 bono
1081 2626 1162 2675 per
1178 2610 1414 2657 Labanem
1435 2610 1689 2671 significato
1728 2610 1842 2657 nihil
1870 2611 2127 2660 desumtum
2151 2615 2223 2673 fit,
2259 2618 2335 2666 sed

363 2673 499 2737 ‚quod
515 2673 689 2730 omnia,
726 2689 834 2736 quae
854 2675 1081 2731 Domine,
1113 2692 1140 2722 a
1157 2676 1335 2724 Divino
1358 2675 1544 2731 fuerint,
1578 2676 1667 2723 hoc
1689 2676 1772 2730 est,
1805 2677 1863 2723 ab
1882 2677 2000 2738 Ipso.

439 2739 587 2798 4076.
625 2739 688 2788 Et
706 2754 789 2785 vos
811 2739 944 2796 scitiS,
977 2741 1102 2802 quod
1120 2742 1167 2788 in
1183 2744 1314 2788 omni
1331 2741 1378 2788 vi
1398 2757 1498 2788 mea
1521 2742 1680 2788 servivi
1705 2742 1818 2804 patri
1850 2741 2015 2799 vestro,
2051 2746 2174 2808 quod
2199 2748 2336 2809 fignf-

373 2804 479 2853 ficet
497 2804 622 2866 quod
640 2820 697 2851 ex
719 2805 904 2867 propria
920 2806 1139 2866 potentia,
1172 2806 1344 2853 constat
1366 2822 1422 2853 ex
1445 2807 1773 2869 significatione
1798 2807 1971 2862 servire,
2007 2810 2134 2872 qucd
2167 2814 2222 2859 sit
2245 2816 2336 2862 stu-

373 2869 527 2926 dium,
562 2869 621 2916 de
641 2885 731 2933 qua
753 2885 805 2915 n:
835 2875 890 2931 38
900 2885 975 2929 24.
999 2873 1083 2932 384
1098 2873 1146 2926 6,
1181 2885 1227 2918 at
1242 2886 1349 2918 curn
1366 2872 1635 2933 praedicatur
1656 2871 1713 2918 de
1738 2872 1965 2927 Domino,
2001 2877 2124 2938 quod
2149 2879 2203 2924 sit
2226 2896 2332 2943 pro-

374 2934 477 3008 pria·
490 2937 711 2998 potentia,
747 2934 804 2982 de
825 2938 917 3000 qua
940 2951 993 2983 n:
1018 2951 1161 3004 3975,
1187 2951 1334 3000 3977,
1370 2939 1419 2984 δε
1438 2937 1585 2985 adhuc
1605 2937 1769 3001 magis,
1801 2953 1906 2985 cum
1924 2939 2106 2998 dicitur,
2143 2945 2334 2995 inomni

374 3015 424 3048 vi
442 3016 557 3047 mea.

440 3078 588 3125 4077.
624 3064 690 3112 Et
709 3076 835 3129 pater
849 3065 991 3114 vester
1013 3066 1174 3116 fefellit
1197 3082 1290 3126 me,
1327 3067 1376 3116 δε
1400 3070 1598 3116 mutavit
1617 3069 1866 3117 mercedem
1884 3086 2033 3119 meam
2056 3073 2214 3120 decem
2234 3092 2334 3122 mo-

372 3129 462 3185 dis,
494 3129 619 3193 quod
637 3131 857 3194 significet
872 3132 1040 3193 statum
1065 3133 1172 3194 boni
1196 3133 1251 3180 ad
1276 3136 1352 3190 Se,
1385 3150 1493 3181 cum
1511 3149 1565 3180 ex
1585 3136 1640 3181 Se
1654 3135 1759 3198 Ipso
1776 3137 2023 3199 applicaret
2041 3138 2116 3186 illa
2132 3155 2238 3202 quae
2256 3142 2335 3187 bo·

376 3195 425 3260 ni
451 3194 590 3254 istius,
624 3198 674 3246 δε
696 3196 942 3262 plurimam
968 3200 1287 3258 mutationem,
1325 3199 1496 3248 constat
1517 3215 1574 3247 ex
1606 3201 1929 3264 significatione
1951 3204 2107 3268 patris,
2139 3206 2212 3252 hic
2242 3206 2337 3252 La-

1415 3264 1455 3310 C
2194 3270 2343 3330 banis,
