2690 3692
361 215 446 282 14
731 193 790 262 G
926 191 995 261 E
1124 186 1216 260 N
1340 147 1801 260 E'sts
1895 187 1960 261 S.

349 327 526 373 bonum
544 323 606 372 est
621 324 741 388 apud
761 324 1013 376 hominem,
1033 322 1108 370 tali
1102 338 1135 369 s
1153 321 1334 370 societas
1350 323 1619 386 angelorum
1635 321 1699 369 est
1712 316 1830 386 apud
1852 322 2001 379 illum,
2019 322 2212 387 &quale
2230 337 2324 370 ma-

349 391 451 439 lum
468 391 531 438 est
545 391 667 453 apud
688 391 941 444 hominem,
961 388 1058 435 talis
1076 388 1258 436 societas
1276 388 1512 451 spirituum
1537 388 1767 435 malorum
1799 388 1863 434 est
1891 389 2021 462 apud
2051 404 2195 443 eum·,
2238 389 2323 435 ho

350 472 431 503 mo
476 456 556 503 fibi
598 454 680 516 ipsi
723 453 923 501 adsciscit
961 453 1206 511 societates,
1247 454 1321 501 se'u
1364 454 1506 501 semet
1535 454 1680 532 ipsum
1719 453 1853 515 ponit
1890 452 1935 500 in
1971 453 2180 501 societate
2225 453 2326 500 tali·

349 538 450 576 um,
475 537 577 568 nam
598 520 741 567 simile
760 519 894 567 simili
911 519 1161 575 associatur,
1179 531 1230 566 ut
1246 535 1331 583 pro
1343 515 1573 583 exemplo,
1598 521 1677 583 qui
1701 535 1859 565 avarus
1876 517 1970 566 est
1954 534 1994 564 is
2010 519 2206 566 adsciscit
2216 519 2325 567 soci

347 600 485 634 etates
504 586 719 632 fimilium
741 585 820 648 qui
843 585 891 631 in
916 583 992 630 tali
1015 585 1262 660 cupiditate
1280 586 1413 638 sunt,
1448 586 1529 648 qui
1553 597 1676 631 amat
1699 585 1741 632 se
1757 599 1853 648 prae
1868 584 1982 639 aliis,
2007 586 2058 631 &
2074 585 2327 631 contemnit

349 652 478 705 alios
500 651 534 696 is
548 649 746 697 adsciscit
768 649 934 698 fimiles
958 650 1040 713 qui
1074 651 1122 697 in
1147 650 1361 696 vindictis
1382 648 1637 711 jucundum
1657 650 1809 704 habet,
1850 651 1885 696 is
1902 649 1999 696 talis
2017 649 2099 714 qui
2124 650 2166 695 in
2191 649 2327 696 fimiti

344 716 549 780 jucundo
573 715 690 771 sunt,
725 715 787 762 ita
812 715 857 763 in
881 714 1082 789 reliquis,
1116 717 1455 762 communicant
1487 715 1554 760 illi
1585 730 1695 763 cum
1734 714 1928 770 inferno,
1966 716 2013 760 in
2049 714 2204 786 medio
2227 714 2328 761 illo-

348 797 449 827 rum
475 782 617 829 homo
641 780 720 837 est,
755 781 805 828 δε
825 781 992 843 regitur
1014 780 1190 843 prorsus
1214 782 1270 827 ab
1293 780 1397 836 illis,
1433 779 1576 842 usque
1600 780 1714 826 adeo
1742 792 1792 826 ut
1816 795 1905 826 non
1931 780 1986 826 fit
2020 780 2087 827 sui
2117 778 2231 841 juris
2254 779 2330 826 sed

348 846 552 902 illorum,
587 845 760 893 tametfi
787 859 915 908 putat
937 861 995 892 ex
1012 845 1219 909 jucundo
1241 846 1368 910 quod
1405 845 1463 901 ei,
1499 847 1550 892 δε
1586 845 1691 892 inde
1722 845 1882 901 libero,
1933 845 2064 909 quod
2095 844 2272 892 semet
2259 860 2330 907 ip-

348 910 451 958 sum
487 924 641 984 regau
676 911 757 975 qui
781 925 935 959 autem
961 927 1051 958 non
1073 927 1231 958 avarus
1267 911 1347 967 est,
1382 923 1457 958 aut
1481 912 1560 973 qui
1591 926 1681 958 non
1705 923 1827 957 amat
1850 910 1892 957 se
1917 925 2014 973 prae
2043 911 2139 957 aliis
2163 910 2213 958 &
2237 925 2331 960 non

347 977 603 1024 contemnit
625 977 754 1033 anos,
791 978 841 1024 ὅτ
863 977 943 1040 qui
979 992 1070 1023 non
1096 977 1143 1023 in
1166 977 1382 1023 vindiffis
1396 975 1656 1039 jucundum
1682 976 1834 1032 habet,
1869 977 1914 1022 in
1938 975 2146 1024 societate
2167 977 2332 1039 Ange-

349 1043 498 1090 lorum
524 1042 742 1089 similium
767 1042 845 1098 est,
881 1043 930 1088 &
954 1057 1030 1104 per
1054 1042 1153 1089 illos
1173 1042 1350 1088 ducitur
1370 1058 1395 1088 a
1419 1041 1643 1097 Domino,
1678 1043 1729 1089 ὅτ
1750 1041 1940 1105 quidem
1963 1056 2044 1104 per
2061 1041 2254 1089 liberum
2271 1041 2330 1088 ad

349 1123 490 1154 omne
515 1108 688 1154 bonum
711 1109 761 1155 ὅτ
785 1123 944 1154 verum
970 1107 1024 1153 ad
1049 1108 1173 1171 quod
1199 1107 1240 1154 se
1261 1106 1366 1155 duci
1390 1109 1591 1171 patitur3
1626 1108 1676 1154 δε
1708 1107 1818 1154 sicut
1840 1105 1897 1153 ad
1923 1107 2098 1153 bonum
2145 1106 2334 1155 interius
2369 1116 2373 1123 '

350 1174 401 1219 &
423 1171 661 1235 perfectius
684 1172 847 1220 seduci
873 1172 1057 1235 patitur,
1093 1173 1153 1220 ita
1189 1173 1447 1245 perducitur
1482 1173 1538 1218 ad
1577 1172 1806 1219 societates
1843 1171 2062 1233 angelicas
2101 1171 2334 1219 interiores

352 1239 401 1284 &
424 1237 742 1301 perfeffiores,
778 1238 1052 1285 mutationes
1075 1238 1212 1286 status
1246 1237 1340 1302 eJus
1369 1254 1462 1286 non
1484 1237 1605 1285 aliud
1629 1238 1746 1293 sunt,
1781 1253 1922 1301 quam
1958 1238 2228 1285 mutationes
2263 1236 2333 1284 so·

349 1305 597 1350 cietatum:
633 1303 760 1376 quod
798 1304 857 1350 ita
894 1303 936 1350 se
973 1318 1040 1350 res
1070 1304 1247 1361 habeat,
1283 1303 1454 1351 constat
1493 1304 1609 1351 mihi
1646 1318 1704 1350 ex
1732 1303 1944 1350 continua
1981 1317 2103 1350 nunc
2125 1302 2332 1366 plurium

350 1383 574 1415 annorum
599 1368 887 1431 experientia,
923 1384 981 1416 tx
1001 1385 1091 1432 qua
1115 1369 1231 1416 mihi
1257 1369 1344 1416 hoc
1362 1382 1455 1417 tam
1479 1368 1696 1416 familiare
1729 1368 1900 1415 fastum
1933 1367 2013 1424 est,
2048 1369 2162 1416 ficut
2181 1368 2335 1432 quod-

348 1433 461 1482 dam
485 1433 705 1482 familiare
721 1434 843 1496 apud
866 1434 1107 1482 hominem
1129 1436 1186 1482 ab
1210 1433 1394 1482 infantia
1424 1433 1532 1498 ejus·
1602 1435 1678 1482 Ex
1698 1434 1768 1481 his
1791 1449 1909 1481 nunc
1941 1433 2140 1482 constare
2162 1433 2333 1497 potest,

350 1499 592 1562 quomodo
616 1499 659 1546 se
682 1499 817 1546 habet
839 1515 947 1547 cum
972 1502 1304 1561 regeneratione
1327 1501 1545 1557 hominis,
1583 1501 1633 1548 δε
1654 1516 1761 1548 cum
1775 1497 1988 1562 jucundis
2011 1501 2062 1547 δε
2080 1499 2209 1546 bonis
2233 1514 2331 1547 me-

348 1564 455 1620 diis,
495 1580 574 1628 per
610 1579 719 1627 quae
754 1564 900 1612 homo
938 1581 964 1611 a
1003 1565 1115 1612 statu
1143 1566 1303 1612 veteris
1327 1565 1524 1613 hominis
1547 1565 1805 1628 perducitur
1827 1564 1884 1611 ad
1922 1565 2087 1612 statum
2121 1566 2230 1612 novi
2249 1564 2333 1612 ho-

350 1628 490 1677 minis
506 1645 530 1676 a
550 1629 779 1686 Domino,
815 1630 943 1693 quod
967 1645 1135 1692 nempe
1159 1630 1246 1677 hoc
1267 1631 1347 1678 fiat
1368 1647 1448 1693 per
1467 1629 1696 1679 societates
1728 1629 1967 1692 angelicas,
2003 1630 2053 1677 δε
2076 1645 2157 1692 per
2190 1638 2336 1677 muta·

351 1694 498 1741 tiones
532 1693 744 1749 illarum;
779 1695 897 1741 bona
915 1695 962 1741 &
977 1693 1181 1758 jucunda
1203 1695 1356 1743 media
1378 1710 1471 1742 non
1501 1694 1624 1743 aliud
1649 1694 1752 1742 sunt
1785 1710 1927 1758 quam
1950 1693 2178 1742 societates
2202 1694 2333 1752 tales,

351 1775 462 1823 quae
495 1760 673 1809 homini
706 1759 983 1822 applicantur
1005 1777 1029 1807 a
1050 1759 1277 1816 Domino,
1314 1773 1367 1808 ut
1401 1776 1483 1823 per
1505 1759 1600 1808 illas
1632 1759 1856 1807 introduci
1881 1761 2017 1821 poffit
2045 1759 2103 1806 ad
2138 1760 2259 1807 bona
2281 1761 2333 1809 δε

354 1840 464 1872 vera
481 1824 740 1898 spiritualia
746 1824 1034 1880 &coelestia;
1051 1826 1108 1872 ad
1123 1840 1344 1897 quaecum
1368 1824 1700 1888 perductusest,
1722 1838 1832 1872 tunc
1843 1823 2099 1887 separantur
2113 1823 2206 1871 111ae
2221 1824 2334 1873 soci·

352 1903 507 1946 etates,
544 1889 844 1937 &interiores
866 1906 918 1937 ac
942 1889 1225 1953 perfedtiores
1258 1889 1595 1953 adjunguntur.
1631 1905 1711 1953 per
1744 1891 1914 1937 bonum
1956 1888 2164 1937 medium
2203 1890 2330 1964 quod

354 1972 434 2019 per
467 1956 702 2003 Labanem
728 1954 1001 2018 significatur
1039 1972 1131 2004 non
1153 1955 1277 2003 aliud
1300 1971 1382 2020 per
1414 1955 1741 2020 separationem
1765 1954 1874 2004 boni
1898 1954 2035 2012 illius,
2070 1955 2127 2002 de
2158 1970 2250 2018 qua
2281 1955 2330 2004 in

354 2022 444 2069 hoc
461 2022 624 2083 Capite
658 2020 822 2082 agitur.

422 2088 569 2145 4068.
608 2086 674 2133 Et
694 2086 811 2132 dixit
829 2085 1040 2148 jehovah
1080 2087 1135 2134 ad
1159 2087 1405 2150 Jacobum,
1441 2085 1570 2150 quod
1602 2085 1825 2148 significet
1860 2085 2054 2134 Domini
2079 2085 2335 2150 perceptio-

355 2167 466 2199 nem
498 2168 552 2199 ex
571 2151 765 2206 Divino,
798 2151 972 2199 constat
993 2168 1049 2199 ex
1065 2153 1392 2216 significatione
1414 2152 1560 2200 dicere
1599 2152 1644 2199 in
1667 2151 1887 2199 historicis
1920 2151 2080 2208 Verbi,
2115 2152 2240 2216 quod
2277 2151 2334 2200 fit

351 2217 604 2281 percipere,
638 2216 696 2262 de
729 2232 822 2280 qua
856 2217 2331 2282 n·1781.1815.1819.1922.1898.1919.2080.2619.

361 2283 506 2332 2862.
546 2282 690 2346 3365.
726 2297 886 2344 3509;
920 2283 1046 2346 quod
1070 2283 1277 2343 Jehovah
1316 2284 1370 2331 fit
1391 2284 1639 2339 Dominus,
1673 2282 1877 2330 videatur
1915 2298 1969 2328 n.
2010 2298 2148 2345 1343.
2190 2283 2333 2346 1736.

364 2360 505 2421 1793.
532 2364 623 2409 292
637 2366 678 2402 1,
699 2363 788 2409 302
798 2363 841 2408 3.
864 2362 956 2411 303
964 2363 1023 2408 5
1059 2348 1166 2397 inde
1188 2360 1311 2413 patet
1333 2349 1459 2416 quod
1477 2364 1557 2413 per
1581 2347 1696 2396 dixit
1712 2347 1922 2411 jehovah
1940 2346 2217 2411 fignificetur
2231 2364 2336 2413 per-

357 2415 511 2478 ceptio
537 2412 734 2462 Domini
770 2427 826 2459 ex
864 2414 1054 2461 Divino.

426 2480 573 2544 4069.
610 2479 856 2525 Revertere
883 2479 939 2525 ad
967 2491 1127 2529 terram
1163 2492 1346 2544 patrum
1385 2491 1592 2536 tuorum,
1627 2478 1754 2543 quod
1772 2478 2009 2542 signi-ficet,
2046 2477 2175 2542 quod
2210 2490 2334 2527 nunc

357 2561 547 2608 propius
577 2543 619 2591 se
651 2542 875 2590 conferret
897 2544 953 2591 ad
975 2545 1146 2594 bonum
1171 2547 1418 2603 DiVinurn,
1453 2546 1626 2596 constat
1658 2561 1685 2592 a
1722 2544 2050 2605 significatione
2090 2557 2224 2593 terrae
2251 2560 2334 2617 pa-

358 2623 500 2667 trum,
535 2609 660 2674 quod
683 2609 758 2657 hic
773 2610 826 2656 fit
844 2609 1016 2657 bonum
1039 2612 1283 2667 Divinum,
1318 2612 1423 2675 quia
1447 2611 1716 2675 praedicatur
1734 2611 1791 2656 de
1811 2610 2041 2668 Domino,
2076 2622 2192 2658 terra
2205 2610 2332 2656 enim

358 2691 527 2739 nempe
548 2676 747 2732 Canaan,
784 2674 1000 2738 fignificat
1022 2676 1238 2737 Regnum
1255 2676 1468 2731 Domini,
1504 2693 1565 2723 n:
1600 2676 1735 2738 1607.
1767 2677 1919 2738 3481,
1955 2676 2004 2723 δε
2038 2677 2086 2723 in
2118 2676 2332 2736 supremo

356 2740 484 2788 sensu
502 2742 725 2788 Divinum
747 2740 1021 2788 Humanum
1053 2741 1266 2798 Domini,
1300 2742 1405 2806 quia
1429 2743 1541 2790 Hoc
1564 2740 1711 2789 influit
1734 2742 1784 2788 δε
1805 2738 1912 2788 facit
1932 2742 2152 2802 Regnum
2170 2739 2330 2802 Ipsius,

361 2823 421 2853 n:
452 2810 593 2868 3038.
618 2821 759 2868 3705,
795 2807 845 2853 δε
868 2807 992 2870 quod
1017 2822 1142 2871 pater
1163 2807 1215 2857 fit
1231 2809 1424 2863 bonum
1462 2824 1521 2854 n:
1543 2822 1708 2871 3703·,
1742 2807 1792 2853 &
1814 2807 1924 2869 quia
1946 2821 2066 2853 nunc
2094 2819 2330 2868 compara-

360 2883 407 2918 ta
429 2871 529 2917 sunt
552 2872 667 2917 bona
692 2872 739 2917 ὅτ
758 2887 876 2928 vera,
901 2888 981 2935 per
998 2890 1104 2937 quae
1121 2874 1352 2921 Dominus
1363 2874 1590 2920 Divinum
1608 2873 1769 2920 faceret
1787 2870 2020 2926 Naturale,
2044 2885 2152 2933 quae
2167 2885 2332 2932 reprae·

359 2938 528 2984 sentata
543 2935 641 2983 sunt
659 2952 737 2998 per
757 2941 1166 2987 commorationem
1180 2939 1341 3003 Jacobi
1364 2938 1484 3002 apud
1494 2939 1748 2993 Labanem‚
1762 2937 1813 2983 δι’
1829 2950 1910 2998 per
1922 2935 2233 2998 acquisitiones
2247 2935 2330 2991 ibi,

360 3001 465 3049 inde
485 3001 696 3064 sequitur,
730 3002 851 3064 quod
870 3005 951 3066 per
983 3006 1146 3054 reverti
1177 3006 1233 3053 ad
1267 3018 1429 3053 terram
1459 3016 1642 3068 patrum
1671 3002 1723 3048 fit
1743 2999 1934 3067 propius
1967 3000 2013 3047 se
2040 2999 2241 3048 conferre
2273 3000 2331 3049 ad

359 3069 534 3116 bonum
551 3066 792 3114 Divinum.

424 3145 571 3193 4070.
612 3130 676 3181 Et
695 3131 753 3178 ad
779 3131 1063 3183 nativitatem
1083 3145 1228 3190 tuam,
1264 3134 1393 3198 quod
1417 3133 1637 3197 significet
1651 3132 1779 3197 quod
1794 3132 1858 3179 ad
1872 3145 2034 3179 verum
2053 3130 2176 3188 inde,
2217 3145 2330 3180 con·
2384 3157 2389 3162 ·

350 3196 442 3246 -stat
465 3213 522 3248 ex
546 3196 869 3262 significatione
894 3200 1157 3258 nativitatis,
1192 3200 1319 3263 quod
1344 3200 1397 3251 fit
1415 3214 1575 3249 verum
1598 3198 1727 3263 quod
1751 3214 1807 3249 ex
1832 3198 1992 3256 bon03
2026 3212 2166 3248 omne
2201 3199 2328 3245 enim

2166 3278 2330 3313 verum
